4702 5808
1126 493 1152 572 'l

268 723 305 786 in
330 735 396 803 quo
418 733 488 782 non
509 713 673 782 mentior
690 711 923 795 Naegelsbaco
945 715 1060 777 nostro
1092 711 1135 776 ad
1157 711 1371 795 opprobrium
1394 709 1687 795 φιλοκτεανώτατε
1707 718 1859 798 spectare
1880 717 2014 783 demon-

269 836 475 900 strationem.
1608 891 1622 918 ,

373 949 506 1014 Nestori
528 961 730 1037 componere
750 944 824 1008 lites
845 945 931 1010 inter
950 944 1086 1009 Peliden
1106 944 1272 1009 festinanti
1294 949 1328 1010 et
1347 928 1433 1010 inter
1451 944 1609 1029 Atriden,
1636 951 1814 1031 postquam
1835 947 2013 1032 Agamem-

213 1104 215 1108 ·
268 1067 349 1132 noni
364 1064 545 1148 respondit,
565 1061 769 1146 increpando
783 1058 919 1126 Achillis
932 1063 1172 1144 impotentiam,
1192 1061 1266 1144 ipse
1278 1059 1422 1124 Achilles
1443 1059 1480 1124 Il.
1497 1061 1524 1143 I,
1545 1059 1618 1144 293,
1640 1067 1821 1147 antequam
1836 1065 2014 1148 Agamem-

271 1201 396 1248 nonem
423 1179 634 1263 peroratione
663 1181 790 1241 eertum
818 1181 907 1242 esset
936 1171 1157 1261 (ὑποβλήδην,
1173 1178 1193 1240 i.
1217 1194 1246 1240 a.
1269 1171 1447 1258 ὑββάλλειν
1474 1181 1511 1239 nt
1536 1177 1573 1243 11.
1595 1177 1695 1260 XIX,
1716 1177 1795 1264 80),
1827 1199 1925 1245 suum
1952 1182 2014 1247 soli

269 1298 419 1378 Nestoris
442 1295 665 1362 exhortationi
685 1311 884 1376 responsum
907 1294 1186 1375 accommodans,
1208 1294 1352 1356 renuit
1372 1293 1415 1357 de
1437 1294 1608 1378 obsequio,
1629 1295 1720 1360 nullo
1742 1300 1904 1362 sermonis
1925 1296 2013 1381 Aga·

269 1413 463 1478 memnonei
483 1415 638 1494 respectu
659 1409 791 1492 habito,
830 1411 891 1473 etsi
911 1409 1001 1474 hune
1021 1411 1145 1493 ipsum,
1177 1427 1245 1506 non
1266 1409 1441 1474 Nestorem
1472 1411 1662 1494 alloquitur:
1696 1407 1808 1480 δθίλιο
1835 1435 1888 1480 τοι
1916 1409 2014 1500 ἐριζέ-

270 1551 372 1614 μεναι
393 1526 532 1612 βασιλῆι
554 1520 719 1608 ἀντιβίην

607 1636 626 1725 ῆ
648 1639 711 1724 γάρ
732 1662 791 1706 κεν
813 1639 923 1717 δειλός
944 1663 981 1706 τε
1001 1643 1058 1706 καί
1080 1633 1257 1717 οὐτιδανὸς
1279 1641 1480 1724 καλεοίμην,

606 1754 640 1824 εί
660 1757 700 1842 δῆ
725 1779 781 1824 σοι
802 1757 875 1822 πᾶν
897 1753 994 1840 ἔργον
1015 1751 1207 1838 ὑπείξομαι,
1229 1752 1301 1822 δ’τττ
1322 1779 1380 1823 κεν
1401 1757 1508 1847 εἴπης.

264 1879 268 1885 ’
374 1877 493 1964 Piraeo
515 1874 720 1956 adhortanti,
747 1873 892 1938 Menelai
918 1889 1059 1938 munera
1080 1877 1118 1936 ut
1136 1891 1198 1936 sua
1225 1891 1269 1936 ex
1296 1873 1395 1938 domo
1424 1874 1534 1956 regias
1561 1875 1596 1938 in
1618 1875 1719 1938 aedes
1741 1880 2013 1962 menaportentur,

269 1992 490 2059 renuendo
512 1989 574 2056 Od.
596 1989 709 2072 XVII,
731 1989 773 2057 78
794 1989 973 2072 respondet
992 1989 1225 2054 Telemachus:
1248 1983 1287 2054 οδ
1310 1987 1463 2072 ποιῆσοι,

604 2097 755 2189 Πείραι’,
778 2101 817 2169 οὐ
839 2103 902 2187 γάρ
924 2099 952 2171 τ’
975 2104 1073 2189 ἴδμεν
1095 2101 1185 2182 ὅπως
1207 2103 1306 2172 ἔσται
1326 2104 1410 2171 τάδε
1431 2102 1522 2189 ἔργα.

373 2224 439 2286 Per
458 2225 574 2285 nutum
596 2223 667 2285 sive
687 2222 888 2304 imperiosae
908 2222 1105 2286 minitationi
1126 2223 1195 2286 sive
1216 2221 1360 2286 blandae
1381 2221 1606 2305 deprecationi
1627 2223 1784 2305 similem,
1817 2225 1930 2308 utique
1950 2242 2013 2290 re·
2079 2221 2082 2227 ’

270 2340 439 2408 nuendo
460 2337 598 2420 Ulysses
615 2336 677 2404 od.
699 2337 782 2420 XII,
804 2335 867 2404 320
887 2339 995 2402 sooios
1018 2337 1191 2422 admonet,
1213 2343 1250 2402 ut
1270 2357 1292 2402 a
1313 2337 1525 2403 Solis·bobus
1548 2339 1748 2404 abstineant:
1785 2342 1910 2424 δοται,

607 2447 633 2519 ὦ
657 2452 772 2540 φίλοι,
794 2449 833 2518 ἐν
853 2449 916 2537 γδρ
939 2455 1083 2542 νηῖθοῆ
1103 2456 1228 2537 βρῶσίς
1248 2477 1286 2520 τε
1307 2453 1409 2531 πόσις
1430 2477 1468 2520 τε

522 2639 528 2648 ,
604 2566 709 2636 ἔστιν·
731 2569 800 2635 τῶν
822 2569 861 2634 δὲ
881 2571 972 2650 βοοῆν
992 2563 1222 2654 ἀπεχοίμεθα,
1242 2569 1286 2654 μῆ
1308 2593 1341 2635 τι
1363 2571 1543 2653 πείθωμεν.

373 2686 513 2769 Ulysses
544 2684 606 2752 Od.
627 2685 677 2768 X,
696 2683 759 2754 337
778 2687 885 2768 primo
907 2684 1026 2751 Circae
1048 2703 1197 2751 amorem
1219 2685 1304 2750 ultro
1326 2687 1388 2750 sibi
1410 2687 1558 2752 oblatum
1579 2687 1793 2753 renuendo
1816 2691 2012 2771 aspernatur

271 2821 376 2868 eausa
398 2803 527 2882 addita,

605 2907 631 2978 ὦ
653 2917 774 2997 Κίρκη,
797 2913 871 2990 πῶς
891 2914 955 2999 γάρ
976 2935 1018 2997 με
1039 2914 1152 2980 κέλεαί
1174 2935 1229 2982 σοι
1250 2909 1354 2996 ῆπιον
1374 2912 1489 2993 εἶναι,

607 3024 626 3112 ῆ
646 3052 704 3110 μοι
727 3029 789 3104 σῦς
809 3031 873 3110 μὲν
893 3026 1022 3112 ἔθηκας
1042 3024 1094 3094 ἕνλ
1115 3029 1313 3115 μεγάροισιν
1333 3025 1486 3115 ἑταίρους
1492 3059 1503 3110 3

271 3145 393 3214 deinde
412 3145 487 3230 pari
508 3145 551 3209 de
573 3163 676 3210 eausa
696 3165 728 3209 v.
751 3143 813 3212 383
836 3145 944 3208 eibum
961 3147 1144 3228 jocumque
1163 3146 1206 3209 ab
1228 3145 1348 3210 eadem
1370 3147 1634 3215 commendatos:

604 3256 630 3327 ὦ
654 3267 772 3346 Κίρκη,
800 3265 851 3337 τίς
871 3258 934 3342 γάρ
956 3281 1014 3326 κεν
1036 3253 1131 3344 α’νῆρ,
1152 3256 1190 3336 δς
1210 3255 1387 3346 ἐναίσιμος
1408 3263 1472 3346 εἴη,

606 3383 688 3461 πρίν
708 3377 806 3459 τλαίη
829 3375 1044 3444 πάσσασθαι
1065 3371 1202 3460 ἐδητύος
1222 3373 1282 3462 ῆδὲ
1303 3379 1469 3464 ποτῆτος,

605 3497 688 3577 πρίν
708 3487 859 3560 λύσασθ’
882 3487 1020 3575 ἑτάρους
1040 3496 1097 3558 καὶ
1118 3487 1158 3560 δν
1178 3487 1418 3578 ὀφθαλμοῖσιν
1439 3494 1584 3563 ἰδέσθαι
1591 3523 1603 3576 ,·

373 3611 418 3676 Et
436 3609 604 3693 Penelope
625 3607 687 3675 Od.
703 3608 738 3691 I,
758 3607 821 3676 337
842 3607 1010 3673 auditione
1031 3619 1144 3673 rerum
1155 3610 1350 3678 'Iroiearum
1371 3614 1564 3678 contristata
1584 3614 1639 3676 rel
1659 3613 1799 3678 renuit
1818 3615 1872 3679 val
1894 3614 2009 3700 depre-

274 3733 380 3794 catur:
402 3726 480 3810 λῆγε
501 3726 630 3792 τούτων
649 3747 703 3808 γε,

609 3841 735 3928 wlpra,
757 3839 869 3908 πολλὰ
891 3839 954 3926 γὰρ
977 3836 1066 3909 ἄλλα
1087 3842 1217 3925 βροτῶν
1237 3841 1419 3928 θελκτῆρια
1440 3839 1530 3934 ῆδης.

375 3959 463 4024 Ante
484 3959 586 4024 finam
605 3958 759 4023 ludorum
781 3959 924 4022 Patrocli
944 3959 979 4022 in
999 3959 1161 4024 honorem
1181 3961 1438 4025 instauratorem
1454 3965 1631 4045 postquam
1642 3959 1853 4044 Agamemno
1871 3965 2014 4027 surrexit

273 4097 349 4153 oum
369 4077 519 4141 Marione
539 4080 740 4158 certaturus,
769 4075 914 4140 Achilles
941 4075 1045 4141 ullum
1066 4080 1235 4140 eertanran
1257 4075 1405 4158 dignitati
1432 4079 1515 4141 tanti
1534 4079 1611 4162 viri,
1640 4079 1761 4142 rammi
1782 4077 1873 4143 duris
1894 4097 2013 4162 parum

273 4195 451 4259 convenire
472 4196 563 4257 ratus
584 4190 621 4254 Il.
643 4191 772 4275 XXIII,
794 4189 858 4258 890
878 4191 1067 4256 verecunde
1090 4192 1249 4255 abnuit:
1271 4185 1331 4256 οδιι
1351 4187 1465 4275 ἐείσω,
1487 4187 1566 4259 οὐδὲ
1587 4193 1641 4260 δελ
1662 4187 1810 4278 δγολνος,

600 4303 770 4393 Ἀτρείδη,
793 4308 890 4390 ἴδμεν
911 4306 974 4393 γδρ
997 4303 1082 4376 ὅσον
1102 4311 1309 4393 προβέβηκας
1330 4304 1515 4387 ἁπάντων,

606 4419 660 4509 ἧδ’
683 4421 792 4491 ὅσσον
814 4424 955 4506 δυνάμει
976 4445 1013 4490 τε
1033 4430 1091 4496 καί
1113 4421 1238 4508 ῆμασιν
1260 4422 1364 4491 ἔπλεο
1385 4421 1533 4510 δ’ριστος.

375 4541 418 4605 Et
437 4541 499 4605 hos
522 4541 657 4626 quidem
678 4557 795 4606 omnes
816 4558 949 4606 revera
971 4543 1079 4624 eapite
1100 4543 1171 4625 ipso
1192 4543 1385 4608 renuisse
1411 4543 1614 4624 putaverim,
1635 4543 1732 4626 quasi
1754 4546 2011 4626 aspernarentur

274 4677 317 4723 ea
339 4677 426 4742 quae
447 4657 659 4722 audivissent.
691 4657 758 4722 Sed
770 4657 883 4722 sinnida
897 4659 1121 4740 aspernationi
1142 4657 1260 4724 dolor
1281 4663 1340 4722 est.
1372 4659 1459 4723 Eum
1473 4665 1586 4723 tamen
1599 4659 1660 4722 viri
1675 4659 1775 4723 fortes
1795 4659 1915 4722 vultu
1937 4659 2009 4723 solo

272 4779 306 4840 et
327 4777 508 4838 tristitia
529 4773 671 4856 prodere
692 4773 820 4837 malunt
841 4791 943 4862 quam
965 4775 1120 4858 gestibus,
1141 4775 1286 4858 planetu,
1311 4775 1429 4859 capillo
1452 4774 1635 4856 evellendo,
1657 4793 1761 4858 genas
1785 4774 2008 4858 dilaceranda,

271 4891 450 4955 mulierum
470 4892 505 4952 in
526 4891 672 4955 modum.
716 4890 806 4973 Ergo
835 4891 1050 4958 tristitiam
1087 4909 1221 4976 quoque
1252 4891 1345 4956 vultu
1377 4894 1590 4975 conspicuam
1624 4891 1679 4954 vel
1702 4891 1789 4956 adeo
1809 4892 2010 4955 lacrimas

271 5005 435 5070 illustrant
454 5007 509 5072 vel
531 5011 693 5072 excusant
713 5010 845 5090 saepius
866 5025 1032 5091 personae
1052 5007 1267 5090 Homericae,
1297 5027 1434 5074 oausam
1455 5010 1536 5071 tanti
1557 5007 1678 5073 doloris
1700 5005 1907 5091 explicando.
