4702 5808
1131 465 1178 544 io

281 695 364 775 liegt
383 687 622 756 derGedenke
636 686 757 750 neher:
778 685 876 769 eben,
897 683 1033 767 genade,
1055 701 1092 748 eo
1114 681 1191 746 dees
1212 701 1249 746 es
1271 683 1339 746 sien
1362 681 1483 746 endere
1504 681 1595 746 nieht
1616 680 1770 745 erkliiren
1791 681 1884 762 lissi,
1906 681 2027 744 endere

282 809 374 872 nieht
394 825 437 870 nu
464 803 642 868 versiehen
668 804 727 884 ist,
754 801 831 865 does
853 817 932 864 men
955 817 991 864 es
1024 801 1146 864 endere
1177 800 1267 864 nieht
1296 798 1429 864 denken
1451 799 1552 862 kann.
1595 797 1697 862 Sollte
1727 797 1797 862 eleo
1821 800 1956 876 proinde
1985 815 2026 860 nn

282 923 457 988 schreiben
477 921 573 984 sein?

387 1039 479 1102 Aber
506 1053 543 1098 ee
571 1034 645 1098 sind
673 1037 784 1098 oneret
809 1032 863 1096 die
884 1031 1047 1114 Beispiele
1076 1031 1135 1094 mit
1149 1033 1284 1109 proinde
1312 1029 1417 1092 niiher
1444 1047 1485 1092 nu
1506 1029 1717 1110 beirnohten,
1756 1047 1821 1094 von
1844 1003 1952 1094 denen
1974 1048 2027 1090 nu-

249 1171 255 1180 ·
284 1155 402 1218 neehst
422 1151 578 1234 tolgonde
598 1149 908 1214 hernusnunehmen
929 1147 1018 1212 sind:
1061 1147 1140 1228 Leg.
1160 1147 1208 1229 11,
1232 1143 1288 1226 19,
1309 1143 1351 1210 49
1382 1149 1530 1209 Extremo
1552 1149 1604 1207 iiio
1620 1162 1756 1222 persono
1777 1155 1837 1226 est,
1865 1155 1898 1208 ut
1923 1149 1951 1208 si
1976 1149 2029 1222 otri

284 1276 329 1347 ei,
360 1273 413 1348 qui
433 1276 568 1332 mortuus
587 1271 643 1341 sit,
670 1269 835 1344 peonniom
863 1268 998 1328 debuerit
1025 1267 1191 1340 nentinique
1211 1265 1435 1343 consonent,
1458 1263 1629 1340 proinde
1654 1263 1805 1324 nubentur
1831 1266 1944 1338 puori
1964 1279 2028 1324 eom

281 1391 444 1468 pecuniam
465 1386 585 1462 ceperit.
607 1415 646 1428 -
691 1379 821 1463 Quinoi.
845 1380 896 1460 14,
917 1381 959 1446 45
976 1384 1122 1457 postulas,
1143 1389 1185 1454 ut,
1207 1379 1291 1456 quod
1308 1397 1461 1454 nunmunm
1479 1380 1597 1453 suctum
1617 1395 1680 1440 esse
1701 1367 1815 1442 iudicio
1834 1379 2029 1462 defendimus,

201 1541 205 1546 -
286 1505 321 1568 id
335 1503 504 1582 proinde
524 1502 638 1575 puori
655 1500 773 1573 suetum
792 1501 848 1572 sit,
871 1505 976 1560 nostro
997 1499 1110 1558 iudicio
1131 1499 1343 1570 nominemus.

389 1618 440 1680 Im
462 1619 610 1680 ersteren
631 1613 774 1695 Beiepiel
793 1614 836 1676 ist
852 1615 983 1692 proinde
1003 1630 1070 1676 von
1090 1616 1179 1689 quusi
1200 1615 1353 1693 genennt
1373 1609 1441 1672 und
1462 1609 1520 1672 hei
1541 1611 1596 1672 ein
1617 1610 1751 1690 eigenes
1773 1609 1938 1693 Verbum,
1965 1612 2029 1676 wie

285 1753 322 1800 ee
352 1733 422 1797 einh
449 1732 536 1796 oben
564 1731 617 1794 bei
644 1730 710 1793 don
732 1728 840 1794 Sinon
868 1729 928 1792 mit
949 1731 1079 1808 perinde
1098 1732 1186 1806 quusi
1212 1727 1299 1792 iend.
1342 1727 1406 1790 Die
1427 1725 1658 1788 Aehnlishkeit
1688 1727 1747 1788 mit
1778 1726 1838 1790 der
1867 1727 1968 1790 Stelle
1997 1747 2028 1810 p.

287 1849 388 1916 esec.
409 1847 467 1928 21,
489 1846 529 1914 61
561 1847 604 1908 ist
629 1863 667 1909 so
696 1844 856 1926 deutlich,
889 1844 965 1906 dees
988 1861 1025 1910 eo
1048 1844 1114 1908 viel
1134 1845 1253 1926 gewiss
1275 1843 1417 1923 seheint,
1445 1841 1522 1904 dese
1544 1842 1578 1902 in
1606 1841 1725 1904 beiden
1743 1847 1872 1922 perinde
1893 1843 1974 1906 oder
1996 1845 2028 1906 in

287 1965 407 2029 beiden
434 1965 564 2043 proinde
590 1981 632 2024 zu
660 1960 753 2024 lesen
779 1962 829 2022 ist.
878 1960 928 2024 Im
954 1958 984 2026 2.
1006 1960 1149 2044 Beispiel
1177 1959 1264 2022 stein
1291 1977 1380 2028 nwor
1405 1959 1535 2036 proinde
1562 1958 1614 2020 bei
1643 1962 1751 2040 ouon,
1789 1977 1824 2022 es
1852 1959 1933 2022 linesi
1960 1959 2028 2022 sich

287 2081 369 2144 aber
389 2099 456 2144 von
478 2079 546 2142 ihm
569 2083 708 2142 trennen
729 2076 797 2139 und
820 2095 861 2138 uu
881 2080 1089 2151 commutemus
1110 2076 1278 2140 beniehen.
1322 2073 1416 2138 Aueh
1439 2073 1511 2136 hier
1531 2073 1573 2136 isi
1594 2073 1647 2136 die
1670 2057 1891 2140 correlation:
1927 2093 2030 2156 ganz

287 2212 349 2276 so,
381 2196 458 2256 wie
478 2210 616 2274 wenn,
648 2192 702 2256 die
727 2192 816 2258 oben
845 2192 900 2256 bei
926 2213 957 2274 p.
981 2190 1080 2256 eaeo.
1102 2190 1159 2274 21,
1181 2191 1220 2258 61
1256 2189 1407 2254 bemerkt
1433 2189 1557 2252 wurde.
1600 2189 1669 2252 Des
1697 2191 1787 2254 nieht
1813 2191 2030 2258 Geeohehene

288 2309 352 2374 soll
373 2309 497 2390 gleieh,
535 2327 659 2389 genn,
696 2309 827 2390 vollig
859 2326 897 2374 eo
919 2324 1120 2389 genonsmen
1141 2306 1295 2388 werden,
1333 2307 1396 2368 wie
1419 2323 1576 2376 wennes
1596 2306 1786 2386 gesdrehen
1808 2313 1907 2370 wiire.
1951 2307 2031 2372 Wes

249 2471 250 2478 .
289 2425 361 2490 eleo
391 2426 445 2488 bei
473 2424 552 2488 dem
579 2425 701 2506 obigen
726 2423 870 2506 Beispiel
898 2423 1081 2505 gebreuoht
1106 2423 1205 2505 wird,
1242 2424 1285 2486 ist
1312 2421 1397 2486 auch
1425 2421 1495 2484 hier
1523 2441 1564 2484 un
1591 2421 1812 2504 gebrnuehen.
1854 2422 2030 2506 Hingegen

289 2541 364 2606 sind
399 2539 458 2604 der
486 2539 587 2604 Stelie
620 2541 654 2602 in
682 2539 777 2602 Vere.
804 2538 837 2619 Ι,
858 2537 916 2619 39,
944 2536 986 2606 99
1021 2538 1075 2602 die
1101 2538 1277 2619 folgenden
1308 2537 1471 2619 Beispiele
1510 2539 1570 2600 nnn
1598 2542 1731 2614 proinde
1761 2543 1848 2616 quusi
1883 2539 2029 2604 iihnlich:

287 2657 403 2736 11117,
426 2654 476 2721 19.
518 2659 596 2718 Num
617 2673 696 2732 quoe
715 2659 836 2732 ropntio
856 2659 929 2732 into,
950 2673 1020 2716 num
1035 2673 1114 2732 quoe
1133 2673 1212 2718 noun
1234 2659 1368 2732 quaestio
1385 2656 1508 2717 decreto
1529 2657 1592 2716 est?
1630 2653 1742 2734 (Neoh
1764 2655 1840 2718 dem
1859 2634 2027 2738 Ansoldeg

288 2773 352 2836 eni
367 2772 574 2852 Pompeius.)
618 2775 714 2848 Atqui
732 2777 760 2834 si
778 2791 836 2842 res,
857 2775 886 2834 si
905 2775 961 2846 uir,
981 2775 1010 2832 si
1021 2779 1134 2848 tempus
1151 2774 1382 2846 uliumdipnum
1400 2773 1471 2846 snit,
1493 2779 1574 2834 certe
1586 2773 1664 2834 doec
1685 2776 1715 2834 in
1736 2774 1788 2834 iilo
1805 2790 1900 2836 snusn
1914 2791 2028 2836 summo

285 2890 387 2950 omnio
405 2887 549 2960 suerunt:
569 2931 576 2945 .
601 2933 608 2948 .
631 2935 637 2946 .
661 2906 686 2948 ..·
708 2889 768 2948 uisi
787 2903 868 2970 uero,
891 2887 963 2962 quin
979 2886 1118 2963 perfeeto
1138 2903 1270 2948 resnou
1292 2895 1344 2962 est,
1366 2903 1428 2948 non
1447 2863 1509 2962 suit
1524 2889 1709 2964 pondendo,
1725 2892 1897 2965 proinde
1917 2893 2031 2966 quusi

219 3039 223 3048 .
286 3005 386 3064 esitus
406 3019 523 3076 rernm,
548 3017 608 3064 non
628 3004 779 3064 dondnum
799 3005 926 3064 consiliu
946 3003 1062 3078 lepidus
1082 3005 1278 3068 vindicentur.
1300 3036 1342 3048 —
1383 3001 1449 3064 1111
1471 3000 1528 3082 31,
1550 3001 1600 3066 84.
1643 3005 1714 3078 Est,
1742 3013 1788 3066 est
1807 3005 1949 3084 profesto
1979 3009 2030 3067 idn

288 3121 334 3180 uis
353 3120 508 3203 usquein
532 3119 580 3178 nis
607 3120 788 3196 corporibus
809 3165 815 3178 .
838 3164 847 3181 .
869 3164 877 3178 .
899 3121 977 3180 inest
995 3121 1157 3195 quiddam,
1186 3120 1271 3194 quod
1291 3121 1392 3194 uipeut
1412 3125 1442 3178 et
1461 3123 1586 3194 sertim,
1615 3135 1675 3180 non
1700 3122 1777 3182 inest
1803 3123 1835 3181 in
1861 3122 1922 3184 noe
1948 3129 2030 3184 tento

287 3243 417 3296 noturoe
439 3243 497 3296 torn
522 3236 678 3311 pioeoinro
699 3242 799 3298 motu.-
825 3237 884 3296 nisi
900 3236 983 3309 sorte
1003 3237 1120 3298 ideireo
1141 3253 1201 3297 non
1217 3243 1344 3312 putant,
1372 3237 1445 3309 puio
1466 3251 1525 3298 non
1547 3243 1677 3314 opponet
1696 3253 1751 3300 nee
1770 3241 1918 3309 cernitur,
1938 3255 2030 3314 pro-

288 3352 379 3412 inde
399 3354 513 3427 quosi
533 3358 669 3411 nostrum
690 3353 787 3428 ipsam
808 3361 930 3414 merstem
952 3398 959 3412 .
983 3399 990 3413 .
1012 3399 1021 3413 .
1042 3353 1145 3414 uidere
1165 3361 1220 3412 ont
1233 3353 1327 3428 pinne
1344 3353 1443 3428 moniis
1464 3359 1518 3412 out
1538 3353 1590 3414 ubi
1609 3354 1661 3422 sit,
1682 3357 1793 3415 sentire
1808 3359 1967 3431 possimus.
1990 3388 2031 3398 -

287 3465 485 3547 1111.7,17.
528 3467 651 3529 Intersit
682 3470 758 3528 inter
778 3471 856 3530 sitne
887 3472 1062 3545 dipnitotem
1086 3484 1266 3530 summorum
1296 3475 1388 3542 atoue
1413 3469 1597 3542 infimorum:
1629 3486 1711 3530 mors
1731 3472 1849 3546 quidem
1870 3473 1956 3532 iiioto
1970 3489 2032 3549 per

286 3586 387 3644 serius
406 3583 499 3644 isdem
522 3591 552 3644 et
566 3587 675 3660 poenis
697 3593 834 3646 tenentur
854 3593 883 3645 et
903 3587 1037 3661 lepidus:
1059 3588 1118 3646 nisi
1134 3585 1217 3660 sorte
1239 3632 1246 3646 .
1269 3631 1276 3648 .
1300 3631 1307 3644 .
1331 3628 1338 3643 .
1361 3599 1396 3644 eo
1417 3599 1499 3644 mors
1520 3588 1657 3646 atrocior
1677 3589 1736 3648 erit
1758 3588 1791 3648 P.
1818 3589 1921 3662 Clodii,
1949 3589 2033 3664 quod

289 3700 315 3760 is
336 3703 367 3760 in
389 3673 585 3762 monumentis
605 3703 754 3762 maiorum
773 3717 899 3764 suorum
919 3704 960 3762 sit
979 3701 1153 3774 interfectus
1174 3735 1211 3748 -
1241 3701 1300 3762 noo
1322 3702 1397 3762 enim
1419 3701 1459 3759 oi
1479 3702 1543 3762 istis
1563 3717 1654 3779 soepe
1676 3703 1786 3764 dieitur
1809 3735 1845 3746 —
1862 3707 2033 3782 proinde

290 3819 403 3892 quusi
423 3817 540 3892 Appius
560 3819 608 3878 iile
633 3819 746 3880 omens
766 3820 847 3880 oium
867 3819 1038 3894 muniverit,
1068 3835 1128 3880 non
1149 3835 1210 3896 quo
1224 3819 1361 3895 populus
1381 3822 1530 3898 uteretur,
1556 3818 1612 3879 sed
1632 3819 1684 3880 ubi
1705 3821 1824 3896 impune
1849 3822 1898 3880 sui
1913 3823 2032 3896 posteri

290 3935 554 3994 introeinorentur.

393 4047 433 4110 N.
456 4046 496 4110 D.
518 4047 567 4128 11,
588 4045 648 4128 38,
670 4043 711 4112 96
739 4050 925 4110 adsiduitate
950 4051 1104 4114 cotidiano
1131 4055 1160 4111 et
1184 4051 1396 4110 consuetudine
1422 4053 1577 4112 oculorum
1605 4047 1786 4114 adsuescunt
1811 4055 1906 4114 animi
1935 4067 2032 4128 neque

290 4167 485 4226 admiruntur
505 4181 600 4240 neque
619 4166 779 4240 requirunt
798 4168 933 4228 rationes
954 4182 1058 4228 eorum
1079 4181 1192 4238 mmm,
1215 4182 1293 4240 pnes
1312 4181 1428 4242 semper
1449 4167 1566 4241 uident,
1592 4169 1763 4244 proinde
1783 4170 1895 4244 quusi
1914 4171 2032 4230 nouiter

289 4298 347 4342 uos
373 4283 470 4357 mopis
495 4299 584 4357 quom
610 4283 786 4358 moprritudo
814 4299 915 4342 rerrtm
937 4283 1045 4344 dehent
1064 4285 1109 4344 od
1132 4282 1338 4356 exquirendos
1359 4299 1469 4343 omnus
1495 4286 1637 4345 excitare.
1659 4317 1701 4328 —
1742 4282 1838 4346 Τιιει.
1860 4283 1886 4365 Ι,
1907 4281 1959 4366 36,
1980 4281 2030 4350 86.

290 4399 403 4460 Metelli
422 4407 527 4474 sperni
547 4400 606 4460 sior·
626 4401 753 4474 quisque
769 4399 940 4475 fortunam,
964 4401 1137 4477 proinde
1158 4402 1273 4474 puori
1300 4407 1356 4460 out
1377 4401 1485 4476 piures
1502 4399 1654 4472 fortunati
1679 4404 1739 4462 sint
1757 4415 1856 4476 ‘quom
1884 4403 2030 4477 infelices,

289 4523 344 4578 oni
365 4517 440 4577 serti
460 4517 624 4592 quidquem
651 4518 692 4576 sit
718 4518 750 4577 in
771 4517 862 4576 rebus
882 4516 1021 4578 dumentis
1041 4523 1096 4576 out
1120 4532 1245 4592 merore
1264 4521 1305 4576 sd
1324 4517 1506 4592 pntderetius
1533 4534 1624 4592 quom
1645 4520 1753 4578 timere.
1776 4550 1815 4562 —
1859 4515 1951 4579 Vere.
1972 4515 2030 4599 111,

288 4629 347 4713 87,
368 4628 438 4696 203.
482 4633 728 4694 nominassem
754 4649 818 4694 rem
840 4634 870 4692 in
891 4633 1017 4710 publico
1040 4633 1190 4707 frumento
1211 4631 1317 4694 Sisiiio
1337 4648 1399 4694 non
1416 4631 1529 4704 ser-ret:
1560 4633 1724 4694 numerem
1746 4636 1777 4692 iu
1797 4651 1861 4694 meo
1878 4623 2048 4707 srmnento'

290 4751 363 4812 tulit.
384 4783 426 4794 —-
470 4749 641 4811 Proinde
660 4752 775 4827 quusi
802 4757 857 4812 out
883 4751 1012 4826 nequior
1036 4753 1077 4812 sit
1102 4753 1161 4810 isto
1182 4750 1353 4810 aestimatio
1381 4749 1412 4813 t'n
1438 4754 1489 4810 tuo
1510 4767 1600 4824 quem
1628 4752 1658 4810 in
1672 4752 1783 4826 popuii
1803 4748 1930 4814 Romani
1951 4767 2029 4814 eom-

288 4867 390 4942 modo,
412 4873 465 4927 out
483 4882 521 4928 eo
541 4883 601 4942 res,
620 4883 710 4943 onom
731 4883 788 4943 epo
810 4867 890 4943 dico,
912 4874 941 4928 et
961 4883 1007 4942 eo,
1030 4883 1119 4942 quam
1140 4873 1171 4928 tu
1189 4865 1299 4948 desisti,
1321 4869 1398 4928 inter
1417 4883 1450 4926 se
1474 4881 1583 4940 penere
1604 4868 1731 4928 iniuriae
1751 4881 1810 4956 nou
1830 4869 2031 4942 mapnitndine

286 4985 436 5060 pecuniae
462 4984 594 5058 differm.
615 5017 656 5028 -
698 4983 796 5048 Dom.
819 4981 875 5065 12,
896 4979 946 5048 31.
993 4982 1093 5054 Quare
1120 4985 1204 5044 istoru
1233 4985 1398 5044 orationem
1419 5029 1425 5044 .
1449 5029 1455 5042 .
1479 5030 1485 5042 .
1508 4985 1629 5046 omittes
1648 4985 1731 5058 iicet,
1758 4991 1830 5061 post
1857 4985 1937 5044 utinm
1963 5001 2029 5045 sen-

289 5103 428 5177 tentian,
450 5117 541 5176 quem
562 5102 700 5164 dixeram
722 5101 761 5162 de
782 5115 919 5179 eunoun,
937 5101 1111 5176 pontificum
1132 5102 1247 5162 nonnos
1266 5115 1332 5160 esse
1352 5107 1497 5175 mmotos,
1513 5101 1687 5177 proinde
1711 5102 1826 5177 quasi
1846 5103 1896 5162 isti
1916 5110 1971 5162 out
1992 5103 2029 5162 de
