4702 5808
425 1161 631 1272 Doctorem
653 1179 718 1265 ΤΕ
749 1186 1102 1285 semisaecularem,
1142 1186 1199 1262 vir
1227 1181 1453 1262 venerahilis
1485 1183 1621 1286 pariter
1650 1206 1694 1260 ac
1724 1181 1882 1283 dilecte,
1914 1181 2060 1264 salvere

308 1339 485 1448 jubemus
515 1337 773 1440 senectutique
803 1331 936 1414 TUAE
969 1335 1100 1436 optima
1130 1355 1302 1436 quaeque
1331 1353 1573 1434 appreoamur
1602 1333 1784 1436 gymnasii
1812 1317 2064 1435 Ertangensis'

201 1569 205 1579 ,
313 1488 511 1593 collegae,
541 1484 633 1564 Lud.
664 1480 976 1582 Doederlein,
1007 1478 1091 1559 Gar.
1123 1477 1382 1578 Schaeier,
1430 1479 1523 1557 Dan.
1555 1475 1913 1578 Zimmermann,
1960 1476 2060 1556 Frid.

313 1633 366 1714 de
389 1631 622 1732 Ruecker,
651 1627 1007 1729 Henr.Schmidt,
1040 1623 1486 1738 Gotholrdiriedlein,
1508 1623 1652 1704 Maxim.
1671 1623 1898 1726 Lechner,
1928 1624 2059 1704 loenn.

314 1779 550 1886 Soergel,
583 1773 1046 1882 GeorgAutenricth,
1076 1773 1425 1879 Aleisdiegler,
1457 1771 1633 1878 delegato
1663 1771 1925 1876 interpretandi
1951 1795 2060 1852 corn-

312 1952 445 2008 muues
475 1930 635 2008 omniurn
666 1923 822 2004 allectus
852 1946 1006 2004 munere
1038 1933 1076 2002 et
1106 1919 1383 2026 congratulandi
1412 1919 1553 1999 honore
1584 1923 1628 2000 iis
1658 1921 1842 2026 collegis,
1874 1924 1935 2025 qui
1961 1919 2062 2000 TUA
2202 1993 2208 2000 .

311 2097 362 2154 ex
394 2074 585 2178 disciplina
614 2072 770 2176 proiecti
801 2047 893 2150 natu
913 2073 1089 2148 maximus
1121 2081 1158 2149 et
1175 2071 1344 2146 minimus
1362 2079 1505 2146 essent.
1551 2065 1601 2146 Et
1629 2091 1784 2172 pronum
1813 2067 1919 2148 nobis
1949 2067 2058 2171 loret,

309 2223 516 2301 salutationi
549 2220 756 2328 adjungere
786 2219 957 2297 virtutum
986 2213 1191 2296 nonnum
1218 2221 1503 2320 meritorumque
1533 2219 1801 2296 enarrationem
1831 2227 1869 2294 et
1898 2215 2058 2319 laudem,

238 2455 247 2466 p
311 2372 382 2448 nisi
414 2367 485 2446 hoc
515 2372 634 2472 ipsum
664 2368 723 2446 alii
754 2365 898 2444 cuidem
925 2367 1174 2444 venerationis
1205 2374 1467 2466 monumento,
1500 2365 1608 2469 cujus
1639 2374 1677 2443 et
1706 2367 1775 2469 ipsi
1806 2367 1933 2468 partim
1962 2388 2060 2444 oon·
2171 2383 2177 2398 ‘

312 2528 435 2598 sortes
465 2539 622 2616 sumus,
653 2516 837 2593 reservari
868 2512 1079 2630 vellemus,

425 2659 531 2768 Ergo
561 2661 628 2741 hes
659 2661 827 2766 pagellas
859 2658 953 2739 'l'lBl
982 2657 1178 2738 sacrandas
1195 2657 1380 2737 destinare
1399 2661 1594 2739 maluimus
1614 2656 1904 2765 quaestiunculis
1923 2659 2061 2762 aliquot

311 2803 561 2910 philologieis.
619 2805 759 2884 Eorum
790 2831 862 2883 una
903 2805 947 2881 ad
979 2805 1081 2882 illum
1111 2808 1353 2905 scriptorem,
1401 2806 1513 2882 altera
1544 2807 1589 2884 ad
1618 2807 1716 2884 illam
1745 2817 1860 2884 artem
1888 2805 2060 2908 pertinet,

312 2950 412 3030 unde
436 2951 507 3058 ¹'l'U
537 2974 694 3031 exorsus
723 2952 867 3056 gloriae
885 2949 1018 3030 TUAE
1052 2975 1200 3029 cursum
1229 2961 1313 3028 ante
1344 2950 1605 3057 quinquaginta
1635 2975 1751 3034 annos
1783 2954 1906 3054 iniisti,
1937 2951 2059 3032 donee

311 3097 476 3200 plurimis
522 3110 561 3178 et
606 3099 686 3178 aliis
717 3096 904 3176 doctrinae
933 3100 1106 3202 vitaeque
1137 3097 1342 3200 generibus
1380 3101 1571 3201 ingenium
1615 3112 1653 3179 et
1682 3099 1894 3178 industriam
1923 3097 2061 3179 ronti

311 3245 577 3324 commodares.
637 3244 776 3340 Quodsi
807 3244 900 3325 haec
929 3252 1052 3325 n'ostra
1081 3243 1368 3346 introspiciendo
1404 3245 1442 3321 in
1471 3255 1615 3350 tempus
1645 3270 1918 3352 repuerasoes,
1962 3247 2059 3328 haud

307 3391 475 3495 prolecto
506 3390 771 3497 indignabere.

949 3633 1425 3648 *—

813 3875 1082 3953 llonerlcr
1130 3878 1401 3975 particula
1449 3881 1556 3978 γάρ

585 4031 793 4104 nusquam
832 4009 1029 4084 refertur
1070 4009 1119 4082 ad
1159 4011 1463 4105 insequentem
1501 4015 1783 4086 sententiam.

1129 4141 1246 4212 Scripsit

908 4241 1151 4322 ludovicus
1177 4243 1456 4322 lloelerlelr.

477 4507 615 4572 Discere
635 4507 744 4574 solent
765 4511 905 4592 tirones,
934 4509 1023 4594 apud
1049 4509 1233 4576 Homerum
1262 4513 1466 4596 omninoque
1488 4511 1636 4577 Graecos
1665 4529 1768 4596 saepe
1789 4513 2055 4595 conjunctionem

310 4621 373 4707 reip
396 4623 440 4686 ed
460 4625 692 4708 insequentem
720 4628 914 4710 quempiam
934 4629 1133 4690 sententiam
1163 4629 1328 4710 pertinere
1360 4630 1500 4712 ejusque
1532 4630 1855 4711 argumentationem
1876 4629 2054 4694 continere.

310 4739 413 4824 Atqui
433 4741 604 4806 latendum
625 4748 694 4824 est,
716 4744 782 4808 lroc
802 4761 865 4808 neo
887 4744 1069 4808 secundum
1089 4748 1244 4808 naturam
1266 4745 1337 4808 lieri
1358 4749 1391 4809 et
1411 4745 1596 4828 legitimum
1617 4744 1783 4827 cogitandi
1805 4744 1970 4827 ordinem,
1991 4763 2055 4810 nec

309 4856 502 4922 bannorum
524 4858 708 4925 aliorumve
729 4861 927 4945 populorum
950 4860 1104 4943 exemplo
1131 4861 1186 4925 vel
1214 4861 1396 4927 imitatione
1425 4861 1611 4945 approbari
1654 4861 1793 4945 Propria
1819 4879 1859 4925 ec
1879 4859 2054 4945 peculiaria

310 4972 446 5040 Graecia
468 4975 528 5040 luit
549 4976 634 5042 hoec
655 4979 875 5060 consuetudo,
898 5011 938 5024 -
960 4978 988 5042 oi
1009 4975 1143 5062 quidem
1163 4977 1232 5042 luit.
1575 5077 1629 5142 1.
