4702 5808
1168 407 1346 560 Al·

416 640 619 722 Neutiquam
641 640 793 716 senseat
812 640 1000 722 monuisse,
1036 640 1086 702 his
1114 640 1195 705 locis
1222 637 1284 722 γάρ
1312 657 1448 722 prorsus
1475 641 1680 724 respondere
1706 647 1819 707 nostro
1832 647 1894 728 ja,
1927 646 2057 727 quoties

316 757 468 822 enclitice
493 761 678 839 usurpetur.
721 755 851 838 Nempe
873 773 941 819 non
969 755 1111 838 simplex
1143 757 1385 840 interpretatio,
1410 757 1477 836 ¹sed
1509 759 1594 822 ratio
1632 761 1816 842 requiritur.
1858 760 1901 824 Et
1932 761 2057 844 duplex

314 874 449 958 quidem
470 877 563 956 patet
583 874 655 954 via,
678 891 745 955 qua
765 873 851 935 illius
872 891 952 936 usus
973 873 1058 958 ratio
1080 877 1114 936 et
1135 875 1227 954 origo
1250 873 1408 955 explicari
1429 875 1542 956 possit
1583 874 1660 938 Una
1681 876 1765 939 haec
1786 881 1851 939 est:
1880 875 1991 942 Oritur
2012 895 2057 941 ex

311 997 514 1074 parataxeos
542 995 576 1052 et
603 995 786 1070 syntaxeos
809 991 1017 1070 contusione,
1051 991 1143 1070 cujus
1174 989 1264 1053 haud
1290 1008 1368 1054 raro
1396 992 1544 1072 arguitur
1572 990 1748 1056 Homerus.
1791 991 1958 1076 Quoniam
1986 999 2057 1058 tam
2129 1067 2132 1074 ⁴

310 1113 419 1188 recte,
439 1111 508 1168 tam
529 1123 632 1188 saepe
655 1105 773 1169 dicitur
793 1099 989 1188 ἆπέσιιμαι,
1013 1103 1065 1170 δτι
1088 1107 1178 1172 νοσῶ
1202 1125 1304 1190 quam
1325 1103 1377 1171 δτι
1400 1108 1507 1190 νοσῶ,
1530 1101 1722 1192 ἀπέσομαι,
1745 1110 1788 1172 ad
1810 1110 1951 1174 eandem
1975 1129 2054 1174 ana·

310 1225 436 1306 logiam
473 1229 506 1286 et
539 1233 693 1286 normam
727 1223 790 1285 dici
818 1229 972 1305 coeptum
1014 1227 1064 1286 est
1091 1225 1183 1288 νοσῶ
1208 1223 1289 1307 γάρ,
1323 1217 1497 1305 &hanepon
1531 1244 1592 1308 pro
1627 1219 1821 1309 ἆπέσαμαι,
1856 1229 1945 1293 νοσῶ
1981 1226 2056 1310 γάρ.

316 1341 496 1422 Numquis
518 1337 561 1403 de
582 1339 806 1421 grammaticis
827 1340 915 1402 hanc
936 1341 1026 1402 riam
1047 1339 1170 1422 inierit,
1191 1357 1260 1404 non
1281 1341 1432 1424 memini3
1453 1341 1559 1423 potuit
1580 1341 1699 1405 saltem
1719 1343 1802 1404 iniri.

415 1457 531 1520 Altera
550 1457 636 1520 haec
658 1461 722 1518 est:
767 1453 968 1539 Quanquam
989 1457 1172 1520 secundum
1193 1461 1346 1520 naturam
1369 1461 1612 1540 argumentatio
1633 1461 1728 1542 sequi
1749 1459 1885 1524 demum
1901 1460 2000 1524 debet
2019 1461 2054 1524 id

312 1575 402 1658 quod
423 1577 474 1636 est
493 1571 799 1656 demonstrandum,
821 1577 934 1636 tamen
956 1573 1076 1637 ardore
1098 1573 1242 1656 quodam
1259 1577 1293 1635 et
1313 1573 1491 1655 cupiditate
1511 1575 1716 1659 loquentium
1738 1595 1979 1661 nonnunquam
2000 1577 2056 1640 vel

311 1693 328 1754 1
333 1691 543 1754 estinatur
564 1689 818 1770 demonstratio,
839 1689 886 1751 ita
906 1694 943 1751 ut
963 1690 1139 1754 inchoatae
1161 1692 1192 1752 ei
1213 1691 1455 1772 enunciationi,
1477 1710 1565 1775 quae
1586 1693 1847 1756 demonstranda
1868 1699 1935 1776 est,
1956 1697 2053 1758 inter-

310 1814 440 1872 seratur
460 1807 730 1890 παρενθετικῶς,
756 1809 794 1866 ut
813 1803 904 1868 Iliad.
922 1805 1000 1885 VH,
1022 1803 1071 1871 73.
1093 1805 1221 1888 XXIII,
1243 1803 1313 1871 858.
1334 1805 1464 1891 XXIV,
1486 1805 1565 1890 223,
1604 1808 1658 1872 vel
1688 1809 1772 1873 adeo
1794 1811 2054 1892 praecipita-

195 2017 200 2025 .
310 1929 396 2006 tur,
419 1925 465 1987 ita
486 1930 539 2004 ut,
562 1927 742 2004 antequam
763 1923 864 1985 thesis
884 1921 1143 1986 demonstranda
1169 1924 1311 2004 proponi
1332 1925 1488 2006 coeperit,
1511 1927 1707 2009 anticipetur
1726 1927 1974 2006 demonstratio,
1996 1945 2057 2009 par

313 2041 523 2124 hyperbaton
544 2039 712 2122 quoddam
733 2039 887 2122 logicum.
922 2039 1042 2121 Itaque
1063 2039 1228 2104 ordinaria
1249 2039 1387 2104 dixeris:
1410 2035 1436 2106 ὦ
1459 2040 1649 2125 Σώκρατες,
1671 2041 1785 2106 πάντα
1805 2067 1865 2124 μοι
1887 2042 2054 2125 διήγησαι·

313 2157 355 2223 σι)
375 2155 438 2238 reip
460 2153 580 2221 οἶσθα·
604 2155 680 2218 dein
696 2157 903 2218 festinanter:
926 2154 1040 2220 πάντα
1051 2179 1109 2236 μοι
1133 2155 1195 2234 (σύ
1209 2155 1271 2240 γὰρ
1285 2153 1413 2236 οἶσθα)
1437 2155 1601 2241 διήγησαι·
1624 2159 1768 2242 denique
1780 2159 2053 2242 proeelpitanter:

311 2265 337 2336 ὦ
358 2271 542 2353 Σώκρατες,
565 2269 608 2338 σύ
629 2271 691 2353 γὰρ
715 2265 840 2350 οἶσθα,
863 2269 978 2335 πάντα
999 2295 1057 2353 μοι
1081 2271 1244 2356 διήγησαι.
1271 2274 1421 2336 Breviter
1441 2278 1477 2334 ut
1498 2274 1540 2336 de
1561 2292 1599 2338 re
1621 2280 1713 2338 certa
1734 2281 1768 2338 et
1788 2278 1867 2338 satis
1887 2281 1969 2338 nota
1991 2275 2053 2337 dis·

314 2360 449 2451 seruere
469 2387 511 2452 de
532 2389 597 2453 hoc
616 2387 781 2452 idiotismo
812 2389 847 2448 in
876 2405 937 2450 sua
964 2389 1104 2470 quisque
1132 2391 1350 2470 grammatica
1371 2389 1502 2454 Graeca
1522 2389 1562 2453 A.
1584 2391 1744 2454 Matthiae
1766 2395 1794 2468 §.
1816 2389 1876 2458 615
1904 2412 1938 2474 p.
1962 2389 2055 2456 1166.

311 2505 351 2568 Β.
373 2505 532 2568 Kuehner
554 2510 582 2582 ἓ.
606 2503 677 2570 754.
709 2505 750 2566 Κ.
772 2505 824 2567 W.
845 2503 998 2585 Krueger
1019 2504 1111 2585 Synt.
1135 2510 1161 2581 §.
1175 2503 1215 2570 69
1236 2525 1267 2587 p.
1280 2504 1350 2570 334.
1383 2507 1423 2570 A.
1445 2508 1480 2568 F.
1504 2507 1698 2572 Gottschick
1719 2514 1746 2585 §.
1762 2507 1831 2573 137.
1867 2507 1906 2570 G.
1920 2506 2053 2572 Curtius

312 2625 339 2696 5.
351 2619 400 2688 36.
429 2621 686 2686 W.Baeumlein
709 2627 737 2696 ς.
759 2619 820 2688 667
839 2619 956 2703 poor.
983 2621 1110 2704 Ber-ger
1132 2627 1159 2698 ς.
1172 2619 1233 2688 337
1253 2641 1285 2704 p.
1307 2619 1379 2704 256,
1402 2621 1508 2686 donec
1530 2624 1632 2686 fusius
1652 2629 1756 2708 utque
1776 2625 1862 2687 solet
1883 2624 2055 2704 eleganter

310 2757 388 2804 eum
422 2736 533 2801 locum
563 2738 715 2800 tractavit
740 2737 769 2800 J.
792 2736 982 2802 Olasseuius
1009 2756 1105 2801 meus
1132 2740 1166 2800 in
1194 2737 1288 2804 Obss.
1317 2738 1359 2802 de
1386 2727 1482 2802 serm.
1505 2739 1640 2804 Homer.
1661 2740 1734 2804 P.I
1766 2739 1820 2802 vel
1847 2739 2054 2819 Programm.
2115 2757 2123 2764 ·

308 2853 576 2916 Francosurtensi
598 2871 627 2916 a.
653 2852 733 2916 1854
753 2873 785 2934 p.
803 2853 840 2934 5,
861 2856 1074 2934 impugnatus
1096 2853 1150 2915 ille
1171 2852 1214 2915 de
1235 2852 1432 2934 quibusdam
1453 2851 1533 2914 locis
1556 2871 1698 2914 censura
1718 2853 1758 2914 Κ.
1779 2851 1832 2915 W.
1853 2852 1998 2916 Pideritii
2019 2855 2054 2916 in

309 2969 420 3033 Jahnii
443 2969 572 3032 Annali.
588 2967 695 3050 LXX,
716 2989 748 3052 p.
770 2965 821 3032 69.
862 2966 1098 3052 Nequidquam
1120 2972 1232 3032 autem
1253 2965 1403 3032 consului
1423 2969 1677 3051 Buttmannum,
1713 2969 1958 3052 Thierschium,
1986 2969 2054 3034 Ro-

311 3087 427 3167 stium,
458 3086 698 3169 Hartungium,
725 3085 938 3167 Madvigium.

414 3202 575 3266 Neutram
602 3203 734 3266 illarum
754 3205 920 3266 rationum
941 3219 1076 3284 prorsus
1096 3201 1338 3284 improbarem,
1369 3201 1432 3264 nisi
1461 3203 1558 3264 tertia
1585 3201 1750 3283 quaedam
1781 3220 1847 3284 quo
1876 3201 2057 3284 simplicior

312 3336 352 3382 eo
374 3320 455 3381 mihi
475 3320 642 3383 videretur
662 3321 778 3402 potior.
820 3317 932 3400 Nego,
961 3319 1117 3400 inquam,
1138 3315 1200 3398 γάρ
1222 3317 1303 3380 illud
1322 3316 1538 3380 Homericum
1558 3335 1699 3399 usquam
1722 3321 1896 3380 secuturae
1917 3318 2053 3380 demum

312 3437 497 3499 sententiae
514 3437 701 3518 probationi
718 3436 894 3516 inservire,
917 3435 970 3515 ajo
984 3439 1110 3514 contra,
1130 3431 1194 3516 γάρ
1210 3435 1336 3516 quoties
1350 3433 1503 3498 credatur
1521 3433 1563 3496 ad
1577 3435 1750 3516 sequentia
1771 3434 1876 3496 verba
1888 3439 2051 3515 spectare,

310 3552 452 3615 reddere
474 3556 615 3634 gestus
637 3554 745 3634 potius
767 3551 950 3631 alicujus
972 3555 1151 3611 nutusve
1171 3551 1351 3629 rationem,
1384 3551 1456 3632 qui,
1490 3550 1600 3632 aliquo
1623 3551 1724 3612 animi
1745 3553 1838 3612 motu
1860 3567 2050 3632 expressus,

311 3669 497 3732 orationem
532 3668 696 3751 loquentis
725 3667 945 3750 praecesserit
974 3672 1032 3730 aut
1060 3667 1241 3729 comitetur.
1300 3664 1431 3750 Quippe
1458 3685 1527 3730 non
1548 3668 1710 3750 reperitur
1730 3667 1783 3728 hic
1802 3683 1882 3728 usus
1903 3671 2052 3747 praeter-

268 3835 272 3842 .
313 3802 413 3866 quam
446 3785 479 3846 in
508 3785 719 3848 orationibus.
770 3784 859 3864 Ergo
887 3783 967 3845 illud
987 3780 1050 3864 γάρ
1084 3801 1152 3845 non
1184 3782 1271 3846 dicta
1305 3789 1337 3845 et
1366 3783 1479 3846 audita
1507 3785 1740 3866 interpretatur
1772 3800 1813 3846 ac
1839 3781 2056 3862 demonstrat,

316 3899 376 3964 sed
397 3901 495 3964 tacite
517 3902 701 3983 significata
722 3904 756 3963 et
776 3897 1006 3962 tantummodo
1028 3903 1185 3981 spectata
2072 3977 2076 3982 Ι

415 4016 503 4080 Nam
531 4023 644 4100 gestus
663 4019 831 4098 nutusque
851 4015 906 4078 vel
928 4015 1013 4079 adeo
1035 4017 1167 4097 frontis,
1204 4015 1329 4096 vultus,
1363 4017 1428 4078 oris
1450 4015 1580 4078 habitus
1602 4031 1679 4098 pars
1701 4014 1868 4098 quaedam
1889 4013 2055 4076 habentur

283 4123 475 4198 'sermonis
503 4130 714 4216 mortalibus,
747 4137 781 4195 et
808 4132 986 4195 verborum
1015 4133 1351 4214 enunciationumque
1383 4133 1456 4195 vice
1486 4133 1681 4214 funguntur,
1717 4133 1812 4193 utin
1842 4131 2055 4214 quotidianae

311 4253 401 4314 vitae
424 4253 687 4330 conversatione,
707 4252 755 4312 ito
776 4250 887 4326 etiam,
911 4248 1000 4330 apud
1023 4249 1170 4312 Graecos
1192 4249 1325 4330 saltem,
1353 4249 1590 4312 inscribendo.
1631 4249 1810 4311 Enimvero
1832 4248 2057 4310 vebistissimo

311 4387 445 4452 quoque
466 4368 602 4432 saeculo
623 4369 673 4449 iis,
696 4385 783 4450 quae
806 4383 946 4449 corpore
968 4373 1001 4428 et
1017 4366 1163 4447 gestibus
1184 4365 1417 4446 significantur,
1439 4365 1527 4428 idem
1542 4366 1666 4446 honos,
1688 4364 1807 4427 eadem
1820 4363 2058 4427 tideshabetur

311 4489 414 4568 atqua
434 4485 507 4564 illis,
529 4502 617 4568 quae
629 4501 724 4565 voce,
745 4485 879 4566 proprio
896 4484 998 4546 ammi
1012 4484 1199 4566 interprete.
1231 4481 1311 4545 Mox
1332 4481 1503 4546 doctrinae
1520 4485 1553 4542 et
1565 4481 1741 4544 facundiae
1756 4487 1790 4544 et
1806 4480 1950 4544 cultioris
1964 4482 2055 4543 vitae

310 4604 428 4666 merito
449 4603 501 4682 fit,
522 4605 559 4662 ut
578 4617 651 4662 mos
667 4598 731 4678 ille,
748 4618 810 4682 per
824 4605 936 4681 gestus
949 4602 1058 4683 potius
1081 4617 1182 4682 quam
1204 4615 1358 4662 sermone
1379 4617 1478 4662 sensa
1498 4597 1714 4680 significandi,
1735 4597 1933 4660 multitudini
1944 4596 2056 4679 potius

311 4719 535 4802 relinquatur,
564 4723 725 4799 tanquam
746 4718 852 4782 oratio
872 4719 1090 4800 praecipuum
1111 4717 1278 4779 humanae
1298 4721 1439 4779 natmae
1460 4716 1696 4780 documentum
1718 4716 1776 4792 sit,
1808 4717 1921 4795 gestus
1943 4716 2055 4774 autem

313 4837 358 4900 ad
379 4835 552 4900 beluarum
574 4837 729 4898 naturam
750 4835 884 4916 propius
907 4835 1076 4898 accedant
1119 4833 1290 4915 Plerisque
1322 4834 1503 4914 quinetiam
1533 4851 1576 4894 ex
1603 4831 1665 4894 ile
1695 4833 1755 4908 (ac
1775 4847 1843 4893 non
1864 4830 1958 4891 tectis
1980 4827 2056 4890 sub·

312 4953 463 5036 dolisque
492 4951 589 5030 solis)
621 4949 799 5032 moderati,
830 4950 964 5022 eruditi,
1002 4951 1137 5032 urbani,
1171 4950 1315 5032 denique
1350 4950 1506 5033 sapientis
1535 4947 1675 5011 hominis
1703 4947 1848 5026 videtm,
1876 4962 1993 5009 sensus
2021 4947 2058 5008 et
