4702 5808
1139 500 1165 585 ll

384 723 460 788 Non
489 740 565 785 raro
593 721 680 784 idem
711 719 775 804 yolo
803 721 888 784 nihil
911 725 1043 803 praeter
1071 737 1239 786 causent
1271 719 1515 802 appellandi
1543 719 1709 799 continet,
1745 735 1833 801 quae
1854 735 2027 802 nunquam

281 860 350 906 non
371 858 413 904 ea
435 844 501 920 est,
540 843 576 900 ut
596 835 781 920 appellatus
805 855 902 900 altres
924 837 1085 920 praelicat
1107 835 1383 900 etanscultet
1427 834 1480 898 Sic
1507 835 1645 916 Ulysees
1667 832 1729 900 Od.
1752 833 1832 914 XII,
1855 835 1916 900 154
1942 836 2029 900 inter

281 957 405 1022 socios:
428 949 567 1020 α’κοδετε
587 957 644 1016 καὶ
667 953 758 1029 ἴστε,

615 1061 640 1133 οδ
665 1067 776 1155 φίλοι,
800 1062 840 1134 οδ
863 1067 925 1152 reio
947 1066 1008 1152 χρὴ
1030 1065 1092 1132 ἕνα
1114 1065 1250 1148 έδμεναι
1271 1058 1349 1130 οὐδὲ
1373 1057 1423 1130 δυη
1446 1064 1537 1140 οἴους

615 1177 793 1270 θέσφαθ’,
814 1181 838 1246 δι’
860 1205 918 1266 μοι
941 1189 1042 1267 Κίρκη
1064 1183 1261 1266 μυθήσατο,
1284 1181 1343 1246 δῒα
1366 1179 1494 1246 θεάων.

283 1303 347 1366 Vel
367 1302 456 1366 idem
477 1300 539 1366 Od.
560 1300 608 1382 X,
630 1298 702 1380 226,
731 1319 807 1363 cum
829 1299 948 1364 Circen
969 1301 1055 1362 intra
1077 1299 1177 1363 aedes
1200 1303 1390 1362 cantantem
1411 1295 1517 1374 audit,
1546 1297 1641 1378 quusi
1663 1313 1746 1361 sono
1769 1300 1840 1360 Pal!
1860 1299 2027 1362 silentium

284 1423 317 1484 et
338 1419 553 1482 attentionem
575 1421 746 1500 posceret:

616 1527 642 1598 δ
666 1531 779 1618 φίλοι,
801 1529 902 1598 ἔνδον
922 1531 985 1615 γάρ
1006 1553 1057 1609 τις
1077 1525 1279 1613 ἐποιχομένη
1301 1530 1407 1609 μέγαν
1427 1525 1525 1594 lectu

616 1647 722 1714 καλὸν
743 1641 906 1726 ἀοιδιάει,
934 1647 1087 1713 δάπεδον
1108 1639 1138 1710 δ’
1159 1643 1257 1711 ἅπαν
1278 1639 1523 1732 ἀμφιμέμυκεν.

385 1765 457 1830 Nec
478 1765 608 1828 diversa
629 1765 713 1829 ratio
735 1769 800 1845 est,
840 1783 942 1847 quum
970 1763 1111 1827 hominis
1141 1760 1298 1845 appellati
1329 1761 1455 1824 nomini
1484 1779 1585 1824 cause
1614 1761 1760 1840 additur,
1789 1780 1848 1826 cur
1869 1761 1936 1824 hic
1957 1778 2027 1843 po·

283 1883 492 1946 tissimum
516 1881 708 1964 appelletur.
748 1879 787 1943 Id
807 1880 936 1962 Jupiter
954 1879 1033 1942 fecit
1054 1879 1090 1946 ll.
1110 1877 1237 1960 XXIV,
1259 1875 1340 1943 334:
1366 1877 1409 1938 Te
1428 1881 1558 1958 appello,

613 1991 765 2079 Ἑρμεία,
789 1999 844 2062 σοὶ
865 1994 928 2077 γάρ
950 1993 1157 2076 vendicasti
1180 2017 1216 2076 γε
1240 1993 1407 2078 φίλτατόν
1428 1987 1523 2058 ἐστιν

616 2105 715 2195 δνδρλ
737 2109 950 2194 έιαιρέσσαι,
973 2116 1031 2176 ααέ
1051 2104 1078 2174 τ’
1099 2106 1212 2187 ἔκλυες
1232 2103 1257 2196 ᾧ
1281 2103 1308 2171 ιέ
1330 2104 1521 2196 ἐθέλῃσθα.

284 2231 318 2292 et
341 2227 485 2292 Achilles
506 2227 542 2290 Il.
565 2227 695 2306 XXIII,
720 2225 797 2293 156:
1290 2239 1293 2246 '

611 2339 783 2426 Ἀτρείδη,
807 2347 862 2408 σοὶ
885 2341 947 2424 γάρ
968 2365 1006 2406 τε
1026 2339 1175 2424 μάλιστα
1195 2363 1231 2422 γε
1253 2339 1335 2417 λαδς
1355 2334 1500 2421 Ἀχαιῶν

617 2465 798 2524 πείσονται
818 2458 965 2540 μύθοισι
971 2503 982 2535 ,
1003 2457 1096 2538 γόοιο
1116 2457 1179 2537 μὲν
1199 2453 1273 2522 ἔστι
1295 2459 1350 2520 sni
1374 2451 1468 2522 ἆσαι.

285 2573 436 2638 imitante
459 2574 594 2656 Virgilio
617 2573 700 2637 Aen.
721 2575 752 2655 1,
775 2571 835 2640 θῦε
871 2579 976 2656 Aeole,
1004 2591 1161 2650 namque
1187 2575 1240 2634 tibi
1262 2575 1359 2634 divom
1376 2581 1466 2650 poter
1486 2581 1578 2650 aeque
1596 2575 1748 2634 Ιιουιαιιιοι
1767 2589 1826 2633 νεα
1846 2580 1875 2632 et
1895 2574 2027 2633 mulcere

284 2693 368 2752 dedi!
385 2695 498 2766 fluctus
519 2700 547 2752 et
568 2695 671 2753 tollere
691 2701 775 2753 υειυο
786 2711 798 2763 ;
822 2690 875 2753 vel
896 2690 974 2752 Hor.
997 2688 1107 2753 Germ
1129 2689 1187 2762 III,
1210 2689 1266 2766 11,
1289 2689 1307 2751 1
1332 2686 1404 2751 coll.
1425 2687 1533 2750 Hand.
1566 2687 1703 2752 'linsell
1725 2687 1781 2770 IV,
1803 2709 1834 2771 p.
1855 2686 1885 2754 8.
1929 2685 2026 2750 Adde

284 2805 383 2885 Soph.
412 2805 494 2870 Oed.
523 2804 560 2866 O.
582 2803 653 2868 712.
696 2805 789 2868 Pind.
809 2804 860 2868 Ol.
881 2805 943 2882 IV,
968 2809 994 2866 l.
1039 2803 1104 2866 Sed
1134 2804 1231 2884 plene
1259 2804 1403 2884 loquitur
1422 2802 1606 2884 Polydorus
1628 2805 1763 2866 Pacuvii
1784 2805 1817 2866 in
1839 2801 2026 2868 Cic-'Iino

283 2918 315 2998 I,
337 2919 396 2998 44,
419 2918 495 2986 106:
517 2919 633 3000 Mater,
657 2927 692 2980 le
710 2923 883 2998 appello,
906 2935 1110 3000 quaererem
1130 2935 1233 2980 εοοιοο
1254 2935 1428 2996 arepertum
1449 2923 1541 2980 leons.
1742 2932 1747 2946 ·
1891 2917 1902 2934 ⁵

389 3033 441 3096 Ad
463 3036 570 3116 ipsam
593 3033 867 3116 appellationem,
886 3051 955 3098 non
977 3034 1020 3096 ad
1041 3035 1290 3116 imperativum,
1312 3035 1413 3098 etiem
1433 3034 1558 3098 Hector
1580 3035 1615 3098 Il.
1637 3033 1748 3113 XVII,
1769 3031 1832 3098 220
1851 3033 2002 3116 respicit:

618 3148 770 3227 κέκλυτε,
791 3155 893 3231 μυρία
915 3149 1008 3235 φῦλα
1031 3149 1249 3232 περικτιόνων
1266 3145 1474 3231 ἐπικούρων]

604 3259 657 3338 ,οδ
678 3264 741 3349 γὰρ
763 3263 827 3347 έγιδ
850 3265 989 3350 πληθδν
1010 3265 1183 3350 διζήμενος
1203 3259 1284 3331 οὐδὲ
1305 3267 1452 3348 χατίζων

616 3375 740 3446 ἐνθάδ’
764 3375 826 3465 αἶψ’
846 3375 1016 3465 ὑμετέρων
1036 3381 1166 3448 πολίων
1188 3377 1302 3466 ἤγειρα
1324 3379 1480 3448 ἕκαστον.

289 3489 731 3580 ,,11οριιιτέονεςέπι’κουροι,
752 3503 842 3574 socii,
878 3499 940 3562 lroc
964 3499 1052 3561 enim
1074 3499 1154 3562 mihi
1175 3499 1311 3564 nomine
1330 3499 1520 3581 appellandi
1541 3499 1636 3577 estis,
1658 3515 1727 3564 non
1748 3497 1860 3580 κοῦροι
1887 3493 2027 3578 Τροίαν,

287 3615 382 3692 dves,
421 3612 578 3694 quoniam
607 3613 731 3677 crixilio
760 3614 943 3696 pertendo,
980 3631 1048 3678 non
1079 3615 1200 3678 civitati
1228 3615 1404 3696 augendae
1435 3615 1489 3678 vel
1520 3614 1725 3698 supplendae
1741 3607 1905 3678 'arcessiti
1938 3612 2027 3676 estis.

283 3726 380 3790 Tanti
409 3727 506 3809 hujus
540 3728 638 3792 officii
671 3735 822 3812 respectu
859 3729 921 3808 (ιδ
945 3734 1115 3816 φρονέων)
1146 3730 1358 3794 honorandos
1391 3749 1451 3794 vos
1480 3749 1559 3795 curo
1582 3731 1685 3814 epulis
1708 3737 1743 3794 et
1761 3731 1866 3796 donis.
1908 3729 2027 3811 Itaque

285 3845 442 3925 quonlam
465 3848 532 3908 tum
555 3845 733 3908 honorifice
756 3848 1049 3927 ametrectemini,
1072 3866 1147 3912 cum
1168 3849 1324 3930 Impensis
1343 3848 1473 3926 ciuium,
1495 3852 1672 3930 propterea
1695 3849 1776 3934 (τῷ)
1799 3864 1860 3912 voe
1882 3845 2027 3909 moissim

184 4045 187 4052 Ι
286 3957 460 4022 eudociam
483 3963 680 4042 praestote.“
722 3961 815 4025 Haec
837 3969 887 4026 est
908 3964 1009 4027 series
1031 3965 1284 4044 sententiarum,
1322 3963 1425 4028 multo
1447 3965 1494 4026 ita
1514 3963 1701 4044 dilucidior,
1723 3981 1825 4046 quam
1847 3964 1873 4024 si
1895 3961 1959 4044 γάρ
1981 3960 2025 4024 ed

285 4075 459 4158 sequentis
480 4076 665 4138 referretur.

391 4191 457 4254 Sed
478 4189 521 4254 ad
543 4191 762 4272 epitheton
784 4193 890 4257 solum
913 4195 1055 4258 vocativi
1076 4195 1215 4276 pertinet
1235 4194 1418 4278 Penelopea
1441 4196 1677 4260 demonstratio
1700 4191 1761 4260 Od.
1783 4193 1881 4275 XIX,
1903 4193 1974 4261 350.

620 4309 709 4383 ξεῖνε
732 4301 815 4393 φίλ’,
839 4301 961 4392 ⁰13de
985 4309 1038 4374 πώ
1059 4333 1109 4386 τις
1131 4303 1213 4394 δνήρ
1237 4315 1448 4392 πεπνυμένος
1471 4307 1537 4377 ω’δε

619 4427 739 4498 ξείνιον
760 4424 961 4508 rotelando
982 4425 1107 4509 φιλέων
1126 4425 1209 4508 έμδν
1229 4427 1328 4523 inere,
1341 4428 1449 4509 δῶμα,

617 4532 665 4614 ὦς
688 4539 731 4606 σύ
751 4534 830 4623 μάλ’
853 4521 1048 4626 εὐφραδέως
1069 4547 1267 4624 πεπνυμένα
1290 4535 1390 4607 πάντ’
1412 4536 1590 4624 draconem.

286 4653 453 4718 Mernerat
474 4655 561 4716 enim
586 4659 652 4718 tam
676 4673 805 4720 comem
828 4657 928 4738 ipsius
950 4660 1086 4740 regines
1101 4659 1367 4741 appellationem,
1391 4658 1485 4740 φίλε,
1500 4657 1636 4740 Ulysses
1653 4659 1852 4722 verecundia
1874 4677 1945 4738 sue,
1968 4660 2026 4742 qui

287 4787 389 4832 anum
411 4768 456 4833 ed
477 4769 657 4833 ministerio
679 4789 741 4834 sun
761 4772 969 4854 postulasset.

389 4883 456 4948 eeu
476 4885 576 4967 plene
597 4887 717 4952 diversi
738 4889 869 4970 generis
891 4897 942 4954 est
962 4888 1025 4972 γάρ
1046 4891 1079 4952 in
1102 4890 1149 4968 ils,
1173 4909 1261 4972 quse
1283 4889 1344 4955 0d.
1359 4889 1440 4972 XX,
1462 4888 1522 4956 271
1552 4896 1626 4974 post
1648 4892 1811 4955 murecem
1833 4889 2025 4956 Telemachi

286 5001 471 5066 orellonem
493 5001 656 5067 Antinous
678 5003 721 5067 ad
743 5022 860 5085 procos
883 5023 1062 5070 conversus
1084 5005 1174 5070 dicit:

1567 5122 1601 5188 ,2
