<?xml version="1.0" encoding="UTF-8"?>
<!DOCTYPE html PUBLIC "-//W3C//DTD XHTML 1.0 Transitional//EN"
    "http://www.w3.org/TR/xhtml1/DTD/xhtml1-transitional.dtd">
<html xmlns="http://www.w3.org/1999/xhtml" xml:lang="en" lang="en">
 <head>
  <title>
</title>
<meta http-equiv="Content-Type" content="text/html;charset=utf-8" />
  <meta name='ocr-system' content='tesseract 3.04.00' />
  <meta name='ocr-capabilities' content='ocr_page ocr_carea ocr_par ocr_line ocrx_word'/>
</head>
<body>
  <div class='ocr_page' id='page_1' title='image "./homericaparticu00doedgoog_0013.png"; bbox 0 0 4702 5808; ppageno 0'>
   <div class='ocr_carea' id='block_1_1' title="bbox 1182 464 1208 542">
    <p class='ocr_par' dir='ltr' id='par_1_1' title="bbox 1182 464 1208 542">
     <span class='ocr_line' id='line_1_1' title="bbox 1182 464 1208 542; baseline 0 0"><span class='ocrx_word' id='word_1_1' title='bbox 1182 464 1208 542; x_wconf 83' lang='lat'>8</span> 
     </span>
    </p>
   </div>
   <div class='ocr_carea' id='block_1_2' title="bbox 323 655 2071 1581">
    <p class='ocr_par' dir='ltr' id='par_1_2' title="bbox 324 655 2071 1116">
     <span class='ocr_line' id='line_1_2' title="bbox 407 655 2071 780; baseline 0.002 -31"><span class='ocrx_word' id='word_1_2' title='bbox 407 687 460 750; x_wconf 85' lang='lat' dir='ltr'>Ita</span> <span class='ocrx_word' id='word_1_3' title='bbox 482 685 636 780; x_wconf 57' lang='lat' dir='ltr'>Ulyssem</span> <span class='ocrx_word' id='word_1_4' title='bbox 674 686 771 749; x_wconf 83' lang='lat' dir='ltr'>uxori</span> <span class='ocrx_word' id='word_1_5' title='bbox 799 684 895 767; x_wconf 91' lang='lat' dir='ltr'>quasi</span> <span class='ocrx_word' id='word_1_6' title='bbox 922 702 1115 766; x_wconf 85' lang='lat' dir='ltr'>supremum</span> <span class='ocrx_word' id='word_1_7' title='bbox 1142 683 1331 748; x_wconf 71' lang='lat' dir='ltr'><strong>valedicens</strong></span> <span class='ocrx_word' id='word_1_8' title='bbox 1361 682 1422 749; x_wconf 92' lang='lat' dir='ltr'>0d.</span> <span class='ocrx_word' id='word_1_9' title='bbox 1452 655 1585 766; x_wconf 79' lang='lat' dir='ltr'>XVIII,¹</span> <span class='ocrx_word' id='word_1_10' title='bbox 1601 683 1679 752; x_wconf 75' lang='lat'>259:</span> <span class='ocrx_word' id='word_1_11' title='bbox 1713 673 1823 768; x_wconf 80' lang='grc' dir='ltr'><strong><em>όλχῶ,</em></strong></span> <span class='ocrx_word' id='word_1_12' title='bbox 1844 685 1899 750; x_wconf 84' lang='lat' dir='ltr'>rel</span> <span class='ocrx_word' id='word_1_13' title='bbox 1919 682 2071 753; x_wconf 82' lang='grc' dir='ltr'><strong><em>όσταταν</em></strong></span> 
     </span>
     <span class='ocr_line' id='line_1_3' title="bbox 324 808 441 884; baseline 0.017 -20"><span class='ocrx_word' id='word_1_14' title='bbox 324 808 441 884; x_wconf 80' lang='grc' dir='ltr'><strong><em>χαῖρε,</em></strong></span> 
     </span>
     <span class='ocr_line' id='line_1_4' title="bbox 662 909 1451 1000; baseline 0.001 -20"><span class='ocrx_word' id='word_1_15' title='bbox 662 911 827 997; x_wconf 79' lang='grc' dir='ltr'><strong><em>ὦχόναι,</em></strong></span> <span class='ocrx_word' id='word_1_16' title='bbox 850 910 888 980; x_wconf 86' lang='grc' dir='ltr'>οό</span> <span class='ocrx_word' id='word_1_17' title='bbox 910 915 972 1000; x_wconf 82' lang='grc' dir='ltr'>χόρ</span> <span class='ocrx_word' id='word_1_18' title='bbox 995 913 1056 982; x_wconf 80' lang='grc' dir='ltr'>όλω</span> <span class='ocrx_word' id='word_1_19' title='bbox 1078 911 1277 1000; x_wconf 73' lang='grc' dir='ltr'><strong><em>ἐυκνήμιδας</em></strong></span> <span class='ocrx_word' id='word_1_20' title='bbox 1294 909 1451 998; x_wconf 74' lang='grc' dir='ltr'><strong><em>Ἀχαιοός</em></strong></span> 
     </span>
     <span class='ocr_line' id='line_1_5' title="bbox 658 1026 1506 1116; baseline -0.006 -18"><span class='ocrx_word' id='word_1_21' title='bbox 658 1026 696 1098; x_wconf 81' lang='grc' dir='ltr'>ἕκ</span> <span class='ocrx_word' id='word_1_22' title='bbox 723 1037 844 1114; x_wconf 81' lang='grc' dir='ltr'><em>Τροίης</em></span> <span class='ocrx_word' id='word_1_23' title='bbox 865 1028 902 1097; x_wconf 78' lang='grc' dir='ltr'>εὖ</span> <span class='ocrx_word' id='word_1_24' title='bbox 925 1032 1058 1108; x_wconf 78' lang='grc' dir='ltr'><em>πάντας</em></span> <span class='ocrx_word' id='word_1_25' title='bbox 1079 1027 1257 1116; x_wconf 74' lang='grc' dir='ltr'><strong><em>όπὴμονας</em></strong></span> <span class='ocrx_word' id='word_1_26' title='bbox 1279 1026 1506 1100; x_wconf 74' lang='grc' dir='ltr'><strong><em>ἆπονέεσθαι.</em></strong></span> 
     </span>
    </p>

    <p class='ocr_par' dir='ltr' id='par_1_3' title="bbox 323 1142 2071 1463">
     <span class='ocr_line' id='line_1_6' title="bbox 429 1142 2071 1233; baseline 0 -21"><span class='ocrx_word' id='word_1_27' title='bbox 429 1142 609 1213; x_wconf 84' lang='lat' dir='ltr'>Idem&#39;Od.</span> <span class='ocrx_word' id='word_1_28' title='bbox 630 1147 679 1230; x_wconf 85' lang='lat' dir='ltr'>X,</span> <span class='ocrx_word' id='word_1_29' title='bbox 702 1146 761 1215; x_wconf 75' lang='lat'>501</span> <span class='ocrx_word' id='word_1_30' title='bbox 786 1147 897 1213; x_wconf 83' lang='lat' dir='ltr'>Circes</span> <span class='ocrx_word' id='word_1_31' title='bbox 919 1149 1057 1231; x_wconf 88' lang='lat' dir='ltr'>imperio</span> <span class='ocrx_word' id='word_1_32' title='bbox 1085 1151 1119 1211; x_wconf 91' lang='lat' dir='ltr'>in</span> <span class='ocrx_word' id='word_1_33' title='bbox 1142 1169 1255 1214; x_wconf 91' lang='lat' dir='ltr'>orcum</span> <span class='ocrx_word' id='word_1_34' title='bbox 1278 1149 1438 1231; x_wconf 87' lang='lat' dir='ltr'>navigare</span> <span class='ocrx_word' id='word_1_35' title='bbox 1453 1152 1586 1232; x_wconf 82' lang='lat' dir='ltr'>jussus,</span> <span class='ocrx_word' id='word_1_36' title='bbox 1618 1155 1840 1233; x_wconf 82' lang='lat' dir='ltr'><strong>posteaquam</strong></span> <span class='ocrx_word' id='word_1_37' title='bbox 1860 1151 1895 1212; x_wconf 93' lang='lat' dir='ltr'>in</span> <span class='ocrx_word' id='word_1_38' title='bbox 1916 1151 2071 1233; x_wconf 76' lang='lat' dir='ltr'>despera</span> 
     </span>
     <span class='ocr_line' id='line_1_7' title="bbox 330 1264 2069 1349; baseline -0.001 -19"><span class='ocrx_word' id='word_1_39' title='bbox 330 1267 455 1330; x_wconf 84' lang='lat' dir='ltr'>tionem</span> <span class='ocrx_word' id='word_1_40' title='bbox 477 1264 647 1347; x_wconf 89' lang='lat' dir='ltr'>quandam</span> <span class='ocrx_word' id='word_1_41' title='bbox 666 1264 820 1348; x_wconf 90' lang='lat' dir='ltr'>delapsus</span> <span class='ocrx_word' id='word_1_42' title='bbox 843 1265 886 1328; x_wconf 90' lang='lat' dir='ltr'>ad</span> <span class='ocrx_word' id='word_1_43' title='bbox 907 1283 943 1328; x_wconf 90' lang='lat' dir='ltr'>se</span> <span class='ocrx_word' id='word_1_44' title='bbox 964 1265 1076 1346; x_wconf 85' lang='lat' dir='ltr'>rediit,</span> <span class='ocrx_word' id='word_1_45' title='bbox 1110 1267 1193 1328; x_wconf 86' lang='lat' dir='ltr'>tanti</span> <span class='ocrx_word' id='word_1_46' title='bbox 1219 1266 1379 1330; x_wconf 90' lang='lat' dir='ltr'>doloris</span> <span class='ocrx_word' id='word_1_47' title='bbox 1410 1285 1547 1330; x_wconf 92' lang='lat' dir='ltr'>causam</span> <span class='ocrx_word' id='word_1_48' title='bbox 1568 1266 1694 1330; x_wconf 81' lang='lat' dir='ltr'>reddit:</span> <span class='ocrx_word' id='word_1_49' title='bbox 1730 1267 1782 1330; x_wconf 89' lang='lat' dir='ltr'>Ne</span> <span class='ocrx_word' id='word_1_50' title='bbox 1804 1268 1932 1330; x_wconf 88' lang='lat' dir='ltr'>mireris</span> <span class='ocrx_word' id='word_1_51' title='bbox 1954 1267 2069 1349; x_wconf 83' lang='lat' dir='ltr'>despe</span> 
     </span>
     <span class='ocr_line' id='line_1_8' title="bbox 323 1383 853 1463; baseline 0.002 -19"><span class='ocrx_word' id='word_1_52' title='bbox 323 1383 489 1445; x_wconf 74' lang='lat' dir='ltr'>radonem</span> <span class='ocrx_word' id='word_1_53' title='bbox 509 1399 620 1445; x_wconf 90' lang='lat' dir='ltr'>meam</span> <span class='ocrx_word' id='word_1_54' title='bbox 642 1386 675 1444; x_wconf 87' lang='lat' dir='ltr'>et</span> <span class='ocrx_word' id='word_1_55' title='bbox 696 1383 853 1463; x_wconf 81' lang='lat' dir='ltr'>gemitus,</span> 
     </span>
    </p>

    <p class='ocr_par' dir='ltr' id='par_1_4' title="bbox 659 1491 1489 1581">
     <span class='ocr_line' id='line_1_9' title="bbox 659 1491 1489 1581; baseline 0.004 -20"><span class='ocrx_word' id='word_1_56' title='bbox 659 1492 684 1561; x_wconf 81' lang='grc' dir='ltr'><strong><em>ὦ</em></strong></span> <span class='ocrx_word' id='word_1_57' title='bbox 708 1502 827 1580; x_wconf 81' lang='grc' dir='ltr'><em>Κίρκη,</em></span> <span class='ocrx_word' id='word_1_58' title='bbox 848 1503 898 1573; x_wconf 83' lang='grc' dir='ltr'>τίς</span> <span class='ocrx_word' id='word_1_59' title='bbox 919 1495 981 1580; x_wconf 74' lang='grc' dir='ltr'>γὰρ</span> <span class='ocrx_word' id='word_1_60' title='bbox 1003 1495 1128 1580; x_wconf 80' lang='grc' dir='ltr'><strong><em>ταύτην</em></strong></span> <span class='ocrx_word' id='word_1_61' title='bbox 1150 1491 1231 1562; x_wconf 84' lang='grc' dir='ltr'><strong><em>όδόν</em></strong></span> <span class='ocrx_word' id='word_1_62' title='bbox 1253 1497 1489 1581; x_wconf 66' lang='grc' dir='ltr'><strong><em>ἡγεμονεύσεις</em></strong></span> 
     </span>
    </p>
   </div>
   <div class='ocr_carea' id='block_1_3' title="bbox 324 1605 2069 2045">
    <p class='ocr_par' dir='ltr' id='par_1_5' title="bbox 324 1605 2069 2045">
     <span class='ocr_line' id='line_1_10' title="bbox 655 1605 1585 1704; baseline 0 -25"><span class='ocrx_word' id='word_1_63' title='bbox 655 1608 832 1690; x_wconf 67' lang='grc' dir='ltr'><strong><em>εἰςἍῖόος</em></strong></span> <span class='ocrx_word' id='word_1_64' title='bbox 854 1605 884 1676; x_wconf 83' lang='grc' dir='ltr'>δ’</span> <span class='ocrx_word' id='word_1_65' title='bbox 905 1609 1000 1678; x_wconf 82' lang='grc' dir='ltr'><strong><em>οόπα</em></strong></span> <span class='ocrx_word' id='word_1_66' title='bbox 1021 1637 1071 1689; x_wconf 89' lang='grc' dir='ltr'>τις</span> <span class='ocrx_word' id='word_1_67' title='bbox 1093 1608 1234 1697; x_wconf 82' lang='grc' dir='ltr'><strong><em>α’φλκεκο</em></strong></span> <span class='ocrx_word' id='word_1_68' title='bbox 1255 1618 1308 1696; x_wconf 80' lang='grc' dir='ltr'><strong><em>νρλ</em></strong></span> <span class='ocrx_word' id='word_1_69' title='bbox 1328 1615 1480 1704; x_wconf 68' lang='grc' dir='ltr'><strong><em>μελαίνῃ.</em></strong></span> <span class='ocrx_word' id='word_1_70' title='bbox 1580 1627 1585 1638; x_wconf 92' lang='grc'><strong>’</strong></span> 
     </span>
     <span class='ocr_line' id='line_1_11' title="bbox 327 1729 2069 1814; baseline 0 -22"><span class='ocrx_word' id='word_1_71' title='bbox 327 1731 443 1813; x_wconf 90' lang='lat' dir='ltr'>quibus</span> <span class='ocrx_word' id='word_1_72' title='bbox 460 1731 569 1793; x_wconf 87' lang='lat' dir='ltr'>verbis</span> <span class='ocrx_word' id='word_1_73' title='bbox 581 1749 648 1794; x_wconf 93' lang='lat' dir='ltr'>non</span> <span class='ocrx_word' id='word_1_74' title='bbox 662 1737 730 1793; x_wconf 89' lang='lat' dir='ltr'>tam</span> <span class='ocrx_word' id='word_1_75' title='bbox 746 1731 926 1812; x_wconf 81' lang='lat' dir='ltr'>requirit</span> <span class='ocrx_word' id='word_1_76' title='bbox 947 1731 1022 1792; x_wconf 86' lang='lat' dir='ltr'>viae</span> <span class='ocrx_word' id='word_1_77' title='bbox 1044 1730 1162 1794; x_wconf 88' lang='lat' dir='ltr'>ducem</span> <span class='ocrx_word' id='word_1_78' title='bbox 1178 1729 1315 1812; x_wconf 75' lang='lat' dir='ltr'>ailirce,</span> <span class='ocrx_word' id='word_1_79' title='bbox 1337 1750 1438 1814; x_wconf 93' lang='lat' dir='ltr'>quam</span> <span class='ocrx_word' id='word_1_80' title='bbox 1459 1735 1664 1814; x_wconf 78' lang='lat' dir='ltr'>pernegat</span> <span class='ocrx_word' id='word_1_81' title='bbox 1686 1737 1803 1794; x_wconf 79' lang='lat' dir='ltr'>extare</span> <span class='ocrx_word' id='word_1_82' title='bbox 1820 1731 1940 1793; x_wconf 86' lang='lat' dir='ltr'>ducem</span> <span class='ocrx_word' id='word_1_83' title='bbox 1955 1729 2069 1792; x_wconf 90' lang='lat' dir='ltr'>ullum.</span> 
     </span>
     <span class='ocr_line' id='line_1_12' title="bbox 427 1843 2069 1928; baseline 0 -20"><span class='ocrx_word' id='word_1_84' title='bbox 427 1846 470 1908; x_wconf 83' lang='lat' dir='ltr'>Et</span> <span class='ocrx_word' id='word_1_85' title='bbox 489 1846 611 1910; x_wconf 87' lang='lat' dir='ltr'>Nestor</span> <span class='ocrx_word' id='word_1_86' title='bbox 631 1846 667 1910; x_wconf 89' lang='lat' dir='ltr'>ll.</span> <span class='ocrx_word' id='word_1_87' title='bbox 690 1845 768 1926; x_wconf 85' lang='lat' dir='ltr'>VII,</span> <span class='ocrx_word' id='word_1_88' title='bbox 790 1843 850 1910; x_wconf 80' lang='lat'>327</span> <span class='ocrx_word' id='word_1_89' title='bbox 885 1846 964 1908; x_wconf 94' lang='lat' dir='ltr'>dum</span> <span class='ocrx_word' id='word_1_90' title='bbox 992 1847 1156 1928; x_wconf 80' lang='lat' dir='ltr'>principes</span> <span class='ocrx_word' id='word_1_91' title='bbox 1177 1847 1379 1911; x_wconf 87' lang='lat' dir='ltr'>Achivorum</span> <span class='ocrx_word' id='word_1_92' title='bbox 1402 1847 1570 1924; x_wconf 73' lang='lat' dir='ltr'>convenit,</span> <span class='ocrx_word' id='word_1_93' title='bbox 1592 1846 1734 1909; x_wconf 83' lang='lat' dir='ltr'>indutias</span> <span class='ocrx_word' id='word_1_94' title='bbox 1757 1847 1812 1910; x_wconf 86' lang='lat' dir='ltr'>rel</span> <span class='ocrx_word' id='word_1_95' title='bbox 1833 1849 1937 1912; x_wconf 92' lang='lat' dir='ltr'>otium</span> <span class='ocrx_word' id='word_1_96' title='bbox 1959 1849 2069 1928; x_wconf 89' lang='lat' dir='ltr'>postu-</span> 
     </span>
     <span class='ocr_line' id='line_1_13' title="bbox 324 1959 2004 2045; baseline 0.001 -19"><span class='ocrx_word' id='word_1_97' title='bbox 324 1963 396 2026; x_wconf 89' lang='lat' dir='ltr'>lans</span> <span class='ocrx_word' id='word_1_98' title='bbox 419 1962 616 2043; x_wconf 81' lang='lat' dir='ltr'>sepeliendis</span> <span class='ocrx_word' id='word_1_99' title='bbox 638 1963 823 2026; x_wconf 88' lang='lat' dir='ltr'>occisorum</span> <span class='ocrx_word' id='word_1_100' title='bbox 844 1962 1052 2044; x_wconf 85' lang='lat' dir='ltr'>corporibus,</span> <span class='ocrx_word' id='word_1_101' title='bbox 1073 1980 1134 2044; x_wconf 87' lang='lat' dir='ltr'>per</span> <span class='ocrx_word' id='word_1_102' title='bbox 1154 1963 1262 2026; x_wconf 81' lang='lat' dir='ltr'>vultus</span> <span class='ocrx_word' id='word_1_103' title='bbox 1286 1964 1506 2026; x_wconf 86' lang='lat' dir='ltr'>tristitiam</span> <span class='ocrx_word' id='word_1_104' title='bbox 1528 1963 1638 2026; x_wconf 80' lang='lat' dir='ltr'>dicere</span> <span class='ocrx_word' id='word_1_105' title='bbox 1659 1963 1802 2026; x_wconf 89' lang='lat' dir='ltr'>videtur:</span> <span class='ocrx_word' id='word_1_106' title='bbox 1825 1959 2004 2045; x_wconf 71' lang='grc' dir='ltr'><strong><em>ἐλεήσατε,</em></strong></span> 
     </span>
    </p>
   </div>
   <div class='ocr_carea' id='block_1_4' title="bbox 236 2072 2073 5066">
    <p class='ocr_par' dir='ltr' id='par_1_6' title="bbox 655 2072 1491 2278">
     <span class='ocr_line' id='line_1_14' title="bbox 655 2072 1491 2162; baseline -0.001 -19"><span class='ocrx_word' id='word_1_107' title='bbox 655 2072 805 2162; x_wconf 80' lang='grc' dir='ltr'><strong><em>Ἀτρείόρ</em></strong></span> <span class='ocrx_word' id='word_1_108' title='bbox 828 2102 864 2144; x_wconf 88' lang='grc' dir='ltr'>τε</span> <span class='ocrx_word' id='word_1_109' title='bbox 885 2084 942 2143; x_wconf 76' lang='grc' dir='ltr'>καὶ</span> <span class='ocrx_word' id='word_1_110' title='bbox 964 2075 1064 2144; x_wconf 70' lang='grc' dir='ltr'><strong><em>ἄλλοι</em></strong></span> <span class='ocrx_word' id='word_1_111' title='bbox 1082 2074 1241 2162; x_wconf 66' lang='grc' dir='ltr'>ια’ριστῆες</span> <span class='ocrx_word' id='word_1_112' title='bbox 1262 2080 1491 2161; x_wconf 81' lang='grc' dir='ltr'><strong><em>Παναχαιῶν,</em></strong></span> 
     </span>
     <span class='ocr_line' id='line_1_15' title="bbox 661 2190 1489 2278; baseline -0.004 -19"><span class='ocrx_word' id='word_1_113' title='bbox 661 2193 784 2259; x_wconf 78' lang='grc' dir='ltr'><strong><em>πολλοὶ</em></strong></span> <span class='ocrx_word' id='word_1_114' title='bbox 804 2192 867 2277; x_wconf 76' lang='grc' dir='ltr'>γὰρ</span> <span class='ocrx_word' id='word_1_115' title='bbox 888 2195 1037 2261; x_wconf 74' lang='grc' dir='ltr'><strong><em>τεθνᾶσι</em></strong></span> <span class='ocrx_word' id='word_1_116' title='bbox 1058 2195 1329 2278; x_wconf 79' lang='grc' dir='ltr'><strong><em>καρρκαμόωντες</em></strong></span> <span class='ocrx_word' id='word_1_117' title='bbox 1347 2190 1489 2278; x_wconf 75' lang='grc' dir='ltr'><strong><em>Ἀχαιολ</em></strong></span> 
     </span>
    </p>

    <p class='ocr_par' dir='ltr' id='par_1_7' title="bbox 409 2309 2068 2518">
     <span class='ocr_line' id='line_1_16' title="bbox 409 2309 2068 2394; baseline -0.002 -21"><span class='ocrx_word' id='word_1_118' title='bbox 409 2309 558 2375; x_wconf 88' lang='lat' dir='ltr'>Similem</span> <span class='ocrx_word' id='word_1_119' title='bbox 580 2310 923 2393; x_wconf 79' lang='lat' dir='ltr'>desperationem</span> <span class='ocrx_word' id='word_1_120' title='bbox 937 2310 1050 2392; x_wconf 75' lang='lat' dir='ltr'>oux,</span> <span class='ocrx_word' id='word_1_121' title='bbox 1061 2310 1121 2376; x_wconf 88' lang='grc'>190</span> <span class='ocrx_word' id='word_1_122' title='bbox 1133 2311 1394 2376; x_wconf 87' lang='lat' dir='ltr'>nondissimulat</span> <span class='ocrx_word' id='word_1_123' title='bbox 1404 2313 1554 2394; x_wconf 84' lang='lat' dir='ltr'>Ulysses‚</span> <span class='ocrx_word' id='word_1_124' title='bbox 1566 2312 1646 2375; x_wconf 93' lang='lat' dir='ltr'>dum</span> <span class='ocrx_word' id='word_1_125' title='bbox 1657 2311 1747 2394; x_wconf 90' lang='lat' dir='ltr'>apud</span> <span class='ocrx_word' id='word_1_126' title='bbox 1757 2309 1864 2374; x_wconf 89' lang='lat' dir='ltr'>socios</span> <span class='ocrx_word' id='word_1_127' title='bbox 1879 2309 2068 2373; x_wconf 85' lang='lat' dir='ltr'>exorditur:</span> 
     </span>
     <span class='ocr_line' id='line_1_17' title="bbox 663 2420 1635 2518; baseline 0.001 -30"><span class='ocrx_word' id='word_1_128' title='bbox 663 2421 689 2488; x_wconf 80' lang='grc' dir='ltr'><em>ὦ</em></span> <span class='ocrx_word' id='word_1_129' title='bbox 713 2427 826 2509; x_wconf 82' lang='grc' dir='ltr'><strong><em>φίλοι,</em></strong></span> <span class='ocrx_word' id='word_1_130' title='bbox 847 2420 887 2490; x_wconf 85' lang='grc' dir='ltr'>οό</span> <span class='ocrx_word' id='word_1_131' title='bbox 907 2424 970 2508; x_wconf 85' lang='grc' dir='ltr'>χάρ</span> <span class='ocrx_word' id='word_1_132' title='bbox 991 2420 1020 2490; x_wconf 79' lang='grc' dir='ltr'>τ’</span> <span class='ocrx_word' id='word_1_133' title='bbox 1042 2427 1141 2509; x_wconf 78' lang='grc' dir='ltr'><strong><em>ἴδμεν</em></strong></span> <span class='ocrx_word' id='word_1_134' title='bbox 1162 2423 1229 2516; x_wconf 76' lang='grc' dir='ltr'>όπχ</span> <span class='ocrx_word' id='word_1_135' title='bbox 1250 2427 1355 2514; x_wconf 80' lang='grc' dir='ltr'><strong><em>ζόφος</em></strong></span> <span class='ocrx_word' id='word_1_136' title='bbox 1376 2423 1447 2494; x_wconf 73' lang='grc' dir='ltr'>οὐδ’</span> <span class='ocrx_word' id='word_1_137' title='bbox 1470 2425 1538 2518; x_wconf 72' lang='grc' dir='ltr'>όπφ</span> <span class='ocrx_word' id='word_1_138' title='bbox 1559 2423 1635 2512; x_wconf 75' lang='grc' dir='ltr'>ἠώς.</span> 
     </span>
    </p>

    <p class='ocr_par' dir='ltr' id='par_1_8' title="bbox 236 2540 2073 3089">
     <span class='ocr_line' id='line_1_18' title="bbox 428 2540 2070 2625; baseline 0 -22"><span class='ocrx_word' id='word_1_139' title='bbox 428 2541 532 2605; x_wconf 91' lang='lat' dir='ltr'>Porro</span> <span class='ocrx_word' id='word_1_140' title='bbox 560 2542 718 2624; x_wconf 89' lang='lat' dir='ltr'>quoniam</span> <span class='ocrx_word' id='word_1_141' title='bbox 754 2543 896 2624; x_wconf 80' lang='lat' dir='ltr'>„format</span> <span class='ocrx_word' id='word_1_142' title='bbox 929 2547 1049 2606; x_wconf 87' lang='lat' dir='ltr'>natura</span> <span class='ocrx_word' id='word_1_143' title='bbox 1087 2545 1176 2625; x_wconf 93' lang='lat' dir='ltr'>prius</span> <span class='ocrx_word' id='word_1_144' title='bbox 1211 2561 1274 2608; x_wconf 90' lang='lat' dir='ltr'>nos</span> <span class='ocrx_word' id='word_1_145' title='bbox 1302 2545 1388 2606; x_wconf 89' lang='lat' dir='ltr'>intus</span> <span class='ocrx_word' id='word_1_146' title='bbox 1417 2545 1461 2606; x_wconf 86' lang='lat' dir='ltr'>ad</span> <span class='ocrx_word' id='word_1_147' title='bbox 1489 2561 1624 2608; x_wconf 90' lang='lat' dir='ltr'>omnem</span> <span class='ocrx_word' id='word_1_148' title='bbox 1653 2546 1861 2607; x_wconf 79' lang='lat' dir='ltr'>fortunarum</span> <span class='ocrx_word' id='word_1_149' title='bbox 1889 2540 2070 2622; x_wconf 82' lang='lat' dir='ltr'>habitum“,</span> 
     </span>
     <span class='ocr_line' id='line_1_19' title="bbox 328 2655 2071 2742; baseline -0.002 -21"><span class='ocrx_word' id='word_1_150' title='bbox 328 2662 510 2740; x_wconf 87' lang='lat' dir='ltr'>antequam</span> <span class='ocrx_word' id='word_1_151' title='bbox 531 2657 707 2720; x_wconf 83' lang='lat' dir='ltr'>efferamus</span> <span class='ocrx_word' id='word_1_152' title='bbox 730 2659 853 2740; x_wconf 84' lang='lat' dir='ltr'>„animi</span> <span class='ocrx_word' id='word_1_153' title='bbox 873 2663 982 2722; x_wconf 88' lang='lat' dir='ltr'>motus</span> <span class='ocrx_word' id='word_1_154' title='bbox 1005 2660 1184 2742; x_wconf 88' lang='lat' dir='ltr'>interprete</span> <span class='ocrx_word' id='word_1_155' title='bbox 1204 2659 1356 2742; x_wconf 83' lang='lat' dir='ltr'>lingua“,</span> <span class='ocrx_word' id='word_1_156' title='bbox 1380 2661 1482 2724; x_wconf 89' lang='lat' dir='ltr'>etiam</span> <span class='ocrx_word' id='word_1_157' title='bbox 1503 2660 1725 2724; x_wconf 87' lang='lat' dir='ltr'>demiratio</span> <span class='ocrx_word' id='word_1_158' title='bbox 1748 2662 1788 2722; x_wconf 87' lang='lat' dir='ltr'>st</span> <span class='ocrx_word' id='word_1_159' title='bbox 1809 2661 1956 2740; x_wconf 84' lang='lat' dir='ltr'>stupor</span> <span class='ocrx_word' id='word_1_160' title='bbox 1977 2655 2071 2717; x_wconf 84' lang='lat' dir='ltr'>vultu</span> 
     </span>
     <span class='ocr_line' id='line_1_20' title="bbox 236 2750 2070 2858; baseline -0.003 -21"><span class='ocrx_word' id='word_1_161' title='bbox 236 2753 239 2760; x_wconf 25' lang='lat'>¹</span> <span class='ocrx_word' id='word_1_162' title='bbox 283 2811 288 2818; x_wconf 91' lang='lat'><em>·</em></span> <span class='ocrx_word' id='word_1_163' title='bbox 325 2776 471 2858; x_wconf 91' lang='lat' dir='ltr'>primum</span> <span class='ocrx_word' id='word_1_164' title='bbox 492 2773 643 2855; x_wconf 89' lang='lat' dir='ltr'>proditur</span> <span class='ocrx_word' id='word_1_165' title='bbox 664 2779 697 2836; x_wconf 90' lang='lat' dir='ltr'>et</span> <span class='ocrx_word' id='word_1_166' title='bbox 719 2750 935 2854; x_wconf 86' lang='lat' dir='ltr'>cognoscitur.</span> <span class='ocrx_word' id='word_1_167' title='bbox 979 2775 1122 2837; x_wconf 87' lang='lat' dir='ltr'>Achilles</span> <span class='ocrx_word' id='word_1_168' title='bbox 1144 2777 1180 2836; x_wconf 94' lang='lat' dir='ltr'>Il.</span> <span class='ocrx_word' id='word_1_169' title='bbox 1201 2775 1329 2856; x_wconf 81' lang='lat' dir='ltr'>XVIII,</span> <span class='ocrx_word' id='word_1_170' title='bbox 1355 2774 1413 2838; x_wconf 82' lang='lat'>182</span> <span class='ocrx_word' id='word_1_171' title='bbox 1450 2777 1491 2836; x_wconf 90' lang='lat' dir='ltr'>ab</span> <span class='ocrx_word' id='word_1_172' title='bbox 1520 2777 1607 2837; x_wconf 91' lang='lat' dir='ltr'>Iride</span> <span class='ocrx_word' id='word_1_173' title='bbox 1634 2776 1797 2856; x_wconf 87' lang='lat' dir='ltr'>proelium</span> <span class='ocrx_word' id='word_1_174' title='bbox 1825 2773 1935 2834; x_wconf 87' lang='lat' dir='ltr'>subire</span> <span class='ocrx_word' id='word_1_175' title='bbox 1957 2773 2070 2852; x_wconf 81' lang='lat' dir='ltr'>jussus</span> 
     </span>
     <span class='ocr_line' id='line_1_21' title="bbox 328 2886 2073 2972; baseline -0.003 -20"><span class='ocrx_word' id='word_1_176' title='bbox 328 2909 397 2954; x_wconf 90' lang='lat' dir='ltr'>non</span> <span class='ocrx_word' id='word_1_177' title='bbox 420 2890 550 2970; x_wconf 83' lang='lat' dir='ltr'>curiosi,</span> <span class='ocrx_word' id='word_1_178' title='bbox 572 2888 632 2951; x_wconf 91' lang='lat' dir='ltr'>sed</span> <span class='ocrx_word' id='word_1_179' title='bbox 653 2888 937 2970; x_wconf 79' lang='lat' dir='ltr'>obstupefacti</span> <span class='ocrx_word' id='word_1_180' title='bbox 960 2906 999 2951; x_wconf 88' lang='lat' dir='ltr'>ac</span> <span class='ocrx_word' id='word_1_181' title='bbox 1021 2907 1130 2971; x_wconf 91' lang='lat' dir='ltr'>paene</span> <span class='ocrx_word' id='word_1_182' title='bbox 1149 2889 1359 2953; x_wconf 90' lang='lat' dir='ltr'>increduli</span> <span class='ocrx_word' id='word_1_183' title='bbox 1387 2889 1441 2952; x_wconf 86' lang='lat' dir='ltr'>vel</span> <span class='ocrx_word' id='word_1_184' title='bbox 1473 2889 1558 2953; x_wconf 90' lang='lat' dir='ltr'>adeo</span> <span class='ocrx_word' id='word_1_185' title='bbox 1586 2891 1684 2952; x_wconf 89' lang='lat' dir='ltr'>irati</span> <span class='ocrx_word' id='word_1_186' title='bbox 1713 2889 1858 2972; x_wconf 88' lang='lat' dir='ltr'>speciem</span> <span class='ocrx_word' id='word_1_187' title='bbox 1879 2886 2073 2969; x_wconf 87' lang='lat' dir='ltr'>praebebat,</span> 
     </span>
     <span class='ocr_line' id='line_1_22' title="bbox 329 2985 766 3089; baseline 0 -22"><span class='ocrx_word' id='word_1_188' title='bbox 329 2985 509 3089; x_wconf 78' lang='lat' dir='ltr'>antequam</span> <span class='ocrx_word' id='word_1_189' title='bbox 530 3006 766 3086; x_wconf 82' lang='lat' dir='ltr'>interrogaret,</span> 
     </span>
    </p>

    <p class='ocr_par' dir='ltr' id='par_1_9' title="bbox 325 3115 2071 3783">
     <span class='ocr_line' id='line_1_23' title="bbox 654 3115 1538 3206; baseline 0.001 -21"><span class='ocrx_word' id='word_1_190' title='bbox 654 3115 712 3204; x_wconf 81' lang='grc' dir='ltr'>Ἶρι</span> <span class='ocrx_word' id='word_1_191' title='bbox 736 3119 822 3197; x_wconf 74' lang='grc' dir='ltr'>θεά,</span> <span class='ocrx_word' id='word_1_192' title='bbox 844 3127 895 3196; x_wconf 84' lang='grc' dir='ltr'>τίς</span> <span class='ocrx_word' id='word_1_193' title='bbox 915 3119 978 3204; x_wconf 83' lang='grc' dir='ltr'>χόρ</span> <span class='ocrx_word' id='word_1_194' title='bbox 1002 3141 1043 3186; x_wconf 85' lang='grc' dir='ltr'>σε</span> <span class='ocrx_word' id='word_1_195' title='bbox 1066 3121 1159 3184; x_wconf 74' lang='grc' dir='ltr'><strong><em>θεῶν</em></strong></span> <span class='ocrx_word' id='word_1_196' title='bbox 1180 3115 1255 3203; x_wconf 72' lang='grc' dir='ltr'><strong><em>ε’μολ</em></strong></span> <span class='ocrx_word' id='word_1_197' title='bbox 1277 3117 1419 3203; x_wconf 71' lang='grc' dir='ltr'><strong><em>ἄγγελον</em></strong></span> <span class='ocrx_word' id='word_1_198' title='bbox 1442 3117 1538 3206; x_wconf 74' lang='grc' dir='ltr'><strong><em>ᾗκενς</em></strong></span> 
     </span>
     <span class='ocr_line' id='line_1_24' title="bbox 328 3233 2071 3320; baseline -0.002 -20"><span class='ocrx_word' id='word_1_199' title='bbox 328 3256 408 3300; x_wconf 89' lang='lat' dir='ltr'>nam</span> <span class='ocrx_word' id='word_1_200' title='bbox 428 3255 619 3320; x_wconf 84' lang='lat' dir='ltr'>repugnare</span> <span class='ocrx_word' id='word_1_201' title='bbox 640 3237 704 3300; x_wconf 90' lang='lat' dir='ltr'>hoc</span> <span class='ocrx_word' id='word_1_202' title='bbox 724 3238 901 3320; x_wconf 92' lang='lat' dir='ltr'>imperium</span> <span class='ocrx_word' id='word_1_203' title='bbox 921 3239 1035 3300; x_wconf 70' lang='lat' dir='ltr'>metrae</span> <span class='ocrx_word' id='word_1_204' title='bbox 1053 3238 1160 3319; x_wconf 86' lang='lat' dir='ltr'>jussui</span> <span class='ocrx_word' id='word_1_205' title='bbox 1181 3237 1331 3318; x_wconf 83' lang='lat' dir='ltr'>ridebat,</span> <span class='ocrx_word' id='word_1_206' title='bbox 1351 3241 1389 3299; x_wconf 90' lang='lat' dir='ltr'>ut</span> <span class='ocrx_word' id='word_1_207' title='bbox 1410 3239 1534 3320; x_wconf 88' lang='lat' dir='ltr'>optime</span> <span class='ocrx_word' id='word_1_208' title='bbox 1555 3237 1789 3320; x_wconf 82' lang='lat' dir='ltr'>explanavere·</span> <span class='ocrx_word' id='word_1_209' title='bbox 1802 3236 1937 3300; x_wconf 88' lang='lat' dir='ltr'>scholia.</span> <span class='ocrx_word' id='word_1_210' title='bbox 1982 3233 2071 3318; x_wconf 78' lang='lat' dir='ltr'>Qua</span> 
     </span>
     <span class='ocr_line' id='line_1_25' title="bbox 327 3351 2071 3436; baseline 0 -22"><span class='ocrx_word' id='word_1_211' title='bbox 327 3357 462 3436; x_wconf 88' lang='lat' dir='ltr'>propter</span> <span class='ocrx_word' id='word_1_212' title='bbox 485 3354 673 3417; x_wconf 83' lang='lat' dir='ltr'>obscuravit</span> <span class='ocrx_word' id='word_1_213' title='bbox 694 3370 770 3416; x_wconf 84' lang='lat' dir='ltr'>eam</span> <span class='ocrx_word' id='word_1_214' title='bbox 792 3354 990 3416; x_wconf 87' lang='lat' dir='ltr'>sententiam</span> <span class='ocrx_word' id='word_1_215' title='bbox 1009 3353 1197 3435; x_wconf 82' lang='lat' dir='ltr'>Spitznerus</span> <span class='ocrx_word' id='word_1_216' title='bbox 1218 3370 1403 3436; x_wconf 91' lang='lat' dir='ltr'>pronomen</span> <span class='ocrx_word' id='word_1_217' title='bbox 1419 3375 1460 3419; x_wconf 83' lang='grc' dir='ltr'>σε</span> <span class='ocrx_word' id='word_1_218' title='bbox 1481 3359 1597 3418; x_wconf 88' lang='lat' dir='ltr'>tenore</span> <span class='ocrx_word' id='word_1_219' title='bbox 1614 3355 1761 3435; x_wconf 87' lang='lat' dir='ltr'>erigens,</span> <span class='ocrx_word' id='word_1_220' title='bbox 1784 3354 1941 3436; x_wconf 89' lang='lat' dir='ltr'>quoniam</span> <span class='ocrx_word' id='word_1_221' title='bbox 1963 3351 2071 3416; x_wconf 88' lang='lat' dir='ltr'>omnis</span> 
     </span>
     <span class='ocr_line' id='line_1_26' title="bbox 326 3467 2071 3553; baseline -0.001 -21"><span class='ocrx_word' id='word_1_222' title='bbox 326 3471 376 3532; x_wconf 79' lang='lat' dir='ltr'>vir</span> <span class='ocrx_word' id='word_1_223' title='bbox 398 3471 431 3532; x_wconf 91' lang='lat' dir='ltr'>in</span> <span class='ocrx_word' id='word_1_224' title='bbox 445 3475 498 3545; x_wconf 83' lang='grc' dir='ltr'>τίς</span> <span class='ocrx_word' id='word_1_225' title='bbox 511 3469 574 3531; x_wconf 86' lang='lat' dir='ltr'>sita</span> <span class='ocrx_word' id='word_1_226' title='bbox 590 3475 649 3550; x_wconf 90' lang='lat' dir='ltr'>cst,</span> <span class='ocrx_word' id='word_1_227' title='bbox 670 3469 702 3530; x_wconf 89' lang='lat' dir='ltr'>h.</span> <span class='ocrx_word' id='word_1_228' title='bbox 714 3487 740 3533; x_wconf 88' lang='lat' dir='ltr'>s.</span> <span class='ocrx_word' id='word_1_229' title='bbox 761 3469 962 3553; x_wconf 87' lang='lat' dir='ltr'>Numquis</span> <span class='ocrx_word' id='word_1_230' title='bbox 984 3470 1084 3534; x_wconf 89' lang='lat' dir='ltr'>deus</span> <span class='ocrx_word' id='word_1_231' title='bbox 1107 3477 1237 3534; x_wconf 87' lang='lat' dir='ltr'>matre</span> <span class='ocrx_word' id='word_1_232' title='bbox 1258 3488 1348 3532; x_wconf 88' lang='lat' dir='ltr'>mea</span> <span class='ocrx_word' id='word_1_233' title='bbox 1368 3472 1580 3553; x_wconf 88' lang='lat' dir='ltr'>potentior</span> <span class='ocrx_word' id='word_1_234' title='bbox 1600 3473 1677 3535; x_wconf 91' lang='lat' dir='ltr'>hoc</span> <span class='ocrx_word' id='word_1_235' title='bbox 1698 3472 1905 3552; x_wconf 86' lang='lat' dir='ltr'>imperat?</span> <span class='ocrx_word' id='word_1_236' title='bbox 1943 3467 2071 3551; x_wconf 75' lang='lat' dir='ltr'>Quodsi</span> 
     </span>
     <span class='ocr_line' id='line_1_27' title="bbox 325 3580 2070 3671; baseline -0.001 -23"><span class='ocrx_word' id='word_1_237' title='bbox 325 3585 406 3648; x_wconf 90' lang='lat' dir='ltr'>nihil</span> <span class='ocrx_word' id='word_1_238' title='bbox 425 3587 489 3648; x_wconf 86' lang='lat' dir='ltr'>nisi</span> <span class='ocrx_word' id='word_1_239' title='bbox 509 3586 728 3668; x_wconf 85' lang='lat' dir='ltr'>interrogaret</span> <span class='ocrx_word' id='word_1_240' title='bbox 748 3585 910 3669; x_wconf 81' lang='lat' dir='ltr'>Achilles,</span> <span class='ocrx_word' id='word_1_241' title='bbox 932 3591 983 3662; x_wconf 78' lang='grc' dir='ltr'>τίς</span> <span class='ocrx_word' id='word_1_242' title='bbox 1004 3580 1031 3652; x_wconf 74' lang='grc' dir='ltr'>τ’</span> <span class='ocrx_word' id='word_1_243' title='bbox 1054 3580 1096 3670; x_wconf 80' lang='grc' dir='ltr'>όρ</span> <span class='ocrx_word' id='word_1_244' title='bbox 1120 3609 1160 3654; x_wconf 88' lang='grc' dir='ltr'>σε</span> <span class='ocrx_word' id='word_1_245' title='bbox 1180 3585 1350 3667; x_wconf 53' lang='lat' dir='ltr'>dedant</span> <span class='ocrx_word' id='word_1_246' title='bbox 1368 3588 1406 3652; x_wconf 93' lang='lat' dir='ltr'>ll.</span> <span class='ocrx_word' id='word_1_247' title='bbox 1428 3587 1461 3670; x_wconf 89' lang='grc' dir='ltr'>Ι,</span> <span class='ocrx_word' id='word_1_248' title='bbox 1483 3585 1520 3669; x_wconf 87' lang='lat'>8,</span> <span class='ocrx_word' id='word_1_249' title='bbox 1541 3587 1747 3671; x_wconf 82' lang='lat' dir='ltr'>legeremus,</span> <span class='ocrx_word' id='word_1_250' title='bbox 1779 3605 1866 3671; x_wconf 91' lang='lat' dir='ltr'>quae</span> <span class='ocrx_word' id='word_1_251' title='bbox 1887 3585 2070 3650; x_wconf 85' lang='lat' dir='ltr'>Aristarchi</span> 
     </span>
     <span class='ocr_line' id='line_1_28' title="bbox 331 3703 699 3783; baseline 0.003 -19"><span class='ocrx_word' id='word_1_252' title='bbox 331 3719 413 3764; x_wconf 89' lang='lat' dir='ltr'>sane</span> <span class='ocrx_word' id='word_1_253' title='bbox 435 3703 597 3783; x_wconf 87' lang='lat' dir='ltr'>scriptura</span> <span class='ocrx_word' id='word_1_254' title='bbox 618 3707 699 3765; x_wconf 88' lang='lat' dir='ltr'>erat.</span> 
     </span>
    </p>

    <p class='ocr_par' dir='ltr' id='par_1_10' title="bbox 325 3817 2070 4249">
     <span class='ocr_line' id='line_1_29' title="bbox 429 3817 2070 3902; baseline -0.001 -22"><span class='ocrx_word' id='word_1_255' title='bbox 429 3817 540 3880; x_wconf 83' lang='lat' dir='ltr'>Etiam</span> <span class='ocrx_word' id='word_1_256' title='bbox 560 3819 605 3900; x_wconf 82' lang='lat' dir='ltr'>is,</span> <span class='ocrx_word' id='word_1_257' title='bbox 634 3819 690 3901; x_wconf 91' lang='lat' dir='ltr'>qui</span> <span class='ocrx_word' id='word_1_258' title='bbox 712 3818 883 3883; x_wconf 88' lang='lat' dir='ltr'>discedere</span> <span class='ocrx_word' id='word_1_259' title='bbox 897 3820 1009 3902; x_wconf 88' lang='lat' dir='ltr'>jussus</span> <span class='ocrx_word' id='word_1_260' title='bbox 1031 3823 1270 3901; x_wconf 84' lang='lat' dir='ltr'>cunctatur,</span> <span class='ocrx_word' id='word_1_261' title='bbox 1299 3837 1395 3884; x_wconf 92' lang='lat' dir='ltr'>mora</span> <span class='ocrx_word' id='word_1_262' title='bbox 1422 3837 1485 3882; x_wconf 85' lang='lat' dir='ltr'>sua</span> <span class='ocrx_word' id='word_1_263' title='bbox 1506 3823 1540 3883; x_wconf 89' lang='lat' dir='ltr'>et</span> <span class='ocrx_word' id='word_1_264' title='bbox 1560 3817 1765 3883; x_wconf 90' lang='lat' dir='ltr'>remanendo</span> <span class='ocrx_word' id='word_1_265' title='bbox 1787 3819 1875 3882; x_wconf 91' lang='lat' dir='ltr'>ultra</span> <span class='ocrx_word' id='word_1_266' title='bbox 1897 3821 2070 3901; x_wconf 87' lang='lat' dir='ltr'>exspecta-</span> 
     </span>
     <span class='ocr_line' id='line_1_30' title="bbox 328 3930 2067 4019; baseline -0.001 -23"><span class='ocrx_word' id='word_1_267' title='bbox 328 3930 452 3998; x_wconf 84' lang='lat' dir='ltr'>tIonem</span> <span class='ocrx_word' id='word_1_268' title='bbox 486 3936 708 3998; x_wconf 89' lang='lat' dir='ltr'>renuentis</span> <span class='ocrx_word' id='word_1_269' title='bbox 740 3937 887 4018; x_wconf 88' lang='lat' dir='ltr'>speciem</span> <span class='ocrx_word' id='word_1_270' title='bbox 918 3935 1030 3999; x_wconf 91' lang='lat' dir='ltr'>induit.</span> <span class='ocrx_word' id='word_1_271' title='bbox 1075 3934 1264 4000; x_wconf 75' lang='lat' dir='ltr'>contumax</span> <span class='ocrx_word' id='word_1_272' title='bbox 1293 3953 1490 4019; x_wconf 90' lang='lat' dir='ltr'>responsum</span> <span class='ocrx_word' id='word_1_273' title='bbox 1521 3937 1581 4000; x_wconf 88' lang='lat' dir='ltr'>lris</span> <span class='ocrx_word' id='word_1_274' title='bbox 1612 3936 1690 4000; x_wconf 85' lang='lat' dir='ltr'>Jori</span> <span class='ocrx_word' id='word_1_275' title='bbox 1721 3937 1846 4000; x_wconf 86' lang='lat' dir='ltr'>referre</span> <span class='ocrx_word' id='word_1_276' title='bbox 1874 3936 2009 4019; x_wconf 88' lang='lat' dir='ltr'>jubetur</span> <span class='ocrx_word' id='word_1_277' title='bbox 2031 3933 2067 3996; x_wconf 95' lang='lat' dir='ltr'>Il.</span> 
     </span>
     <span class='ocr_line' id='line_1_31' title="bbox 325 4045 2068 4137; baseline 0 -23"><span class='ocrx_word' id='word_1_278' title='bbox 325 4049 408 4132; x_wconf 87' lang='lat' dir='ltr'>XV,</span> <span class='ocrx_word' id='word_1_279' title='bbox 430 4047 492 4116; x_wconf 84' lang='lat'>201</span> <span class='ocrx_word' id='word_1_280' title='bbox 520 4069 542 4113; x_wconf 82' lang='lat' dir='ltr'>a</span> <span class='ocrx_word' id='word_1_281' title='bbox 566 4049 721 4135; x_wconf 82' lang='lat' dir='ltr'>Neptuno</span> <span class='ocrx_word' id='word_1_282' title='bbox 756 4053 851 4117; x_wconf 90' lang='lat' dir='ltr'>irato.</span> <span class='ocrx_word' id='word_1_283' title='bbox 900 4050 1083 4117; x_wconf 76' lang='lat' dir='ltr'>cunctatur</span> <span class='ocrx_word' id='word_1_284' title='bbox 1113 4053 1173 4116; x_wconf 85' lang='lat' dir='ltr'>Iria</span> <span class='ocrx_word' id='word_1_285' title='bbox 1201 4053 1439 4136; x_wconf 89' lang='lat' dir='ltr'>poenitentiam</span> <span class='ocrx_word' id='word_1_286' title='bbox 1459 4052 1689 4136; x_wconf 85' lang='lat' dir='ltr'>respondentis</span> <span class='ocrx_word' id='word_1_287' title='bbox 1722 4057 1935 4137; x_wconf 84' lang='lat' dir='ltr'>exspectans:</span> <span class='ocrx_word' id='word_1_288' title='bbox 1972 4045 2068 4114; x_wconf 80' lang='grc' dir='ltr'><strong><em>οόπω</em></strong></span> 
     </span>
     <span class='ocr_line' id='line_1_32' title="bbox 327 4170 733 4249; baseline 0.002 -18"><span class='ocrx_word' id='word_1_289' title='bbox 327 4170 506 4249; x_wconf 76' lang='grc' dir='ltr'><strong><em>πείθομαι·</em></strong></span> <span class='ocrx_word' id='word_1_290' title='bbox 730 4183 733 4188; x_wconf 88' lang='grc'><strong>“</strong></span> 
     </span>
    </p>

    <p class='ocr_par' dir='ltr' id='par_1_11' title="bbox 325 4280 2006 5066">
     <span class='ocr_line' id='line_1_33' title="bbox 661 4280 1389 4369; baseline 0.003 -21"><span class='ocrx_word' id='word_1_291' title='bbox 661 4280 748 4349; x_wconf 75' lang='grc' dir='ltr'><strong><em>οὕτω</em></strong></span> <span class='ocrx_word' id='word_1_292' title='bbox 769 4282 833 4368; x_wconf 76' lang='grc' dir='ltr'>γὰρ,</span> <span class='ocrx_word' id='word_1_293' title='bbox 856 4283 896 4369; x_wconf 76' lang='grc' dir='ltr'>δή</span> <span class='ocrx_word' id='word_1_294' title='bbox 918 4306 971 4350; x_wconf 89' lang='grc' dir='ltr'>τοι</span> <span class='ocrx_word' id='word_1_295' title='bbox 991 4284 1143 4367; x_wconf 76' lang='grc' dir='ltr'><strong><em>χαιόοχε,</em></strong></span> <span class='ocrx_word' id='word_1_296' title='bbox 1165 4291 1389 4368; x_wconf 72' lang='grc' dir='ltr'><strong><em>κυανοχαῖτα,</em></strong></span> 
     </span>
     <span class='ocr_line' id='line_1_34' title="bbox 662 4396 1561 4487; baseline 0.003 -23"><span class='ocrx_word' id='word_1_297' title='bbox 662 4399 763 4465; x_wconf 84' lang='grc' dir='ltr'><strong><em>τόνδε</em></strong></span> <span class='ocrx_word' id='word_1_298' title='bbox 786 4403 876 4487; x_wconf 87' lang='grc' dir='ltr'><strong><em>φέρω</em></strong></span> <span class='ocrx_word' id='word_1_299' title='bbox 898 4405 955 4466; x_wconf 86' lang='grc' dir='ltr'>Διλ</span> <span class='ocrx_word' id='word_1_300' title='bbox 976 4403 1091 4484; x_wconf 72' lang='grc' dir='ltr'><strong><em>μόθον</em></strong></span> <span class='ocrx_word' id='word_1_301' title='bbox 1112 4396 1245 4485; x_wconf 77' lang='grc' dir='ltr'><strong><em>ἆπηνέα</em></strong></span> <span class='ocrx_word' id='word_1_302' title='bbox 1267 4425 1304 4466; x_wconf 87' lang='grc' dir='ltr'>τε</span> <span class='ocrx_word' id='word_1_303' title='bbox 1324 4400 1486 4485; x_wconf 86' lang='grc' dir='ltr'><strong><em>κρατερόν</em></strong></span> <span class='ocrx_word' id='word_1_304' title='bbox 1506 4424 1543 4467; x_wconf 87' lang='grc' dir='ltr'>τε</span> <span class='ocrx_word' id='word_1_305' title='bbox 1548 4449 1561 4478; x_wconf 87' lang='lat'><em>,</em></span> 
     </span>
     <span class='ocr_line' id='line_1_35' title="bbox 660 4510 1658 4604; baseline 0 -24"><span class='ocrx_word' id='word_1_306' title='bbox 660 4510 680 4600; x_wconf 77' lang='grc' dir='ltr'><em>ἢ</em></span> <span class='ocrx_word' id='word_1_307' title='bbox 701 4541 735 4583; x_wconf 84' lang='grc' dir='ltr'>ιι</span> <span class='ocrx_word' id='word_1_308' title='bbox 756 4520 1018 4601; x_wconf 69' lang='grc' dir='ltr'><strong><em>μεταστρέψειςι</em></strong></span> <span class='ocrx_word' id='word_1_309' title='bbox 1041 4522 1205 4601; x_wconf 82' lang='grc' dir='ltr'><strong><em>στρεπταὶ</em></strong></span> <span class='ocrx_word' id='word_1_310' title='bbox 1225 4520 1288 4598; x_wconf 81' lang='grc' dir='ltr'><strong><em>μέν</em></strong></span> <span class='ocrx_word' id='word_1_311' title='bbox 1309 4540 1346 4584; x_wconf 88' lang='grc' dir='ltr'>τε</span> <span class='ocrx_word' id='word_1_312' title='bbox 1368 4519 1488 4604; x_wconf 77' lang='grc' dir='ltr'><strong><em>φρένες</em></strong></span> <span class='ocrx_word' id='word_1_313' title='bbox 1508 4512 1658 4583; x_wconf 77' lang='grc' dir='ltr'><strong><em>ἕσθλόόν.</em></strong></span> 
     </span>
     <span class='ocr_line' id='line_1_36' title="bbox 325 4629 2006 4716; baseline -0.001 -24"><span class='ocrx_word' id='word_1_314' title='bbox 325 4629 369 4692; x_wconf 82' lang='lat' dir='ltr'>Et</span> <span class='ocrx_word' id='word_1_315' title='bbox 388 4630 559 4696; x_wconf 84' lang='lat' dir='ltr'>Menelaus</span> <span class='ocrx_word' id='word_1_316' title='bbox 579 4631 617 4696; x_wconf 91' lang='lat'>11.</span> <span class='ocrx_word' id='word_1_317' title='bbox 636 4631 685 4714; x_wconf 87' lang='lat' dir='ltr'>X,</span> <span class='ocrx_word' id='word_1_318' title='bbox 706 4631 763 4716; x_wconf 88' lang='grc'>61,</span> <span class='ocrx_word' id='word_1_319' title='bbox 787 4633 877 4716; x_wconf 90' lang='lat' dir='ltr'>quod</span> <span class='ocrx_word' id='word_1_320' title='bbox 898 4633 1160 4716; x_wconf 85' lang='lat' dir='ltr'>Agamemnonis</span> <span class='ocrx_word' id='word_1_321' title='bbox 1181 4635 1319 4716; x_wconf 89' lang='lat' dir='ltr'>imperio</span> <span class='ocrx_word' id='word_1_322' title='bbox 1341 4651 1409 4699; x_wconf 92' lang='lat' dir='ltr'>non</span> <span class='ocrx_word' id='word_1_323' title='bbox 1431 4635 1604 4698; x_wconf 82' lang='lat' dir='ltr'>confestim</span> <span class='ocrx_word' id='word_1_324' title='bbox 1625 4634 1833 4716; x_wconf 86' lang='lat' dir='ltr'>obtemperet</span> <span class='ocrx_word' id='word_1_325' title='bbox 1854 4633 2006 4696; x_wconf 85' lang='lat' dir='ltr'>excusat:</span> 
     </span>
     <span class='ocr_line' id='line_1_37' title="bbox 660 4744 1496 4837; baseline 0 -23"><span class='ocrx_word' id='word_1_326' title='bbox 660 4745 734 4825; x_wconf 75' lang='grc' dir='ltr'>πῶς</span> <span class='ocrx_word' id='word_1_327' title='bbox 752 4749 815 4832; x_wconf 82' lang='grc' dir='ltr'>χόρ</span> <span class='ocrx_word' id='word_1_328' title='bbox 836 4773 894 4831; x_wconf 93' lang='grc' dir='ltr'>μοι</span> <span class='ocrx_word' id='word_1_329' title='bbox 915 4749 1016 4837; x_wconf 74' lang='grc' dir='ltr'><strong><em>μόθφ</em></strong></span> <span class='ocrx_word' id='word_1_330' title='bbox 1038 4745 1230 4815; x_wconf 73' lang='grc' dir='ltr'><strong><em>ἐπιτέλλεαι</em></strong></span> <span class='ocrx_word' id='word_1_331' title='bbox 1252 4744 1312 4833; x_wconf 80' lang='grc' dir='ltr'><strong><em>ρ’όὲ</em></strong></span> <span class='ocrx_word' id='word_1_332' title='bbox 1333 4749 1496 4828; x_wconf 74' lang='grc' dir='ltr'><strong><em>κελεόειςς</em></strong></span> 
     </span>
     <span class='ocr_line' id='line_1_38' title="bbox 660 4859 1630 4955; baseline 0.003 -26"><span class='ocrx_word' id='word_1_333' title='bbox 660 4859 747 4930; x_wconf 74' lang='grc' dir='ltr'><strong><em>αὖθι</em></strong></span> <span class='ocrx_word' id='word_1_334' title='bbox 767 4868 857 4947; x_wconf 80' lang='grc' dir='ltr'><strong><em>μένω</em></strong></span> <span class='ocrx_word' id='word_1_335' title='bbox 878 4864 963 4947; x_wconf 77' lang='grc' dir='ltr'><strong><em>μετὰ</em></strong></span> <span class='ocrx_word' id='word_1_336' title='bbox 986 4872 1077 4934; x_wconf 79' lang='grc' dir='ltr'><strong><em>τοῖσι</em></strong></span> <span class='ocrx_word' id='word_1_337' title='bbox 1099 4866 1295 4947; x_wconf 77' lang='grc' dir='ltr'><strong><em>δεδεγμένος</em></strong></span> <span class='ocrx_word' id='word_1_338' title='bbox 1316 4863 1365 4941; x_wconf 76' lang='grc' dir='ltr'>εἷς</span> <span class='ocrx_word' id='word_1_339' title='bbox 1386 4861 1406 4930; x_wconf 90' lang='grc' dir='ltr'><strong><em>ό</em></strong></span> <span class='ocrx_word' id='word_1_340' title='bbox 1427 4889 1486 4932; x_wconf 88' lang='grc' dir='ltr'><strong><em>κεν</em></strong></span> <span class='ocrx_word' id='word_1_341' title='bbox 1507 4863 1630 4955; x_wconf 68' lang='grc' dir='ltr'><strong><em>ἔλθῃς,</em></strong></span> 
     </span>
     <span class='ocr_line' id='line_1_39' title="bbox 660 4974 1552 5066; baseline 0.001 -20"><span class='ocrx_word' id='word_1_342' title='bbox 660 4974 699 5065; x_wconf 73' lang='grc' dir='ltr'>ἦε</span> <span class='ocrx_word' id='word_1_343' title='bbox 720 4982 792 5046; x_wconf 77' lang='grc' dir='ltr'>θέω</span> <span class='ocrx_word' id='word_1_344' title='bbox 813 4980 897 5064; x_wconf 82' lang='grc' dir='ltr'><strong><em>μετά</em></strong></span> <span class='ocrx_word' id='word_1_345' title='bbox 921 4976 954 5049; x_wconf 76' lang='grc' dir='ltr'>α’</span> <span class='ocrx_word' id='word_1_346' title='bbox 975 4976 1089 5060; x_wconf 81' lang='grc' dir='ltr'><strong><em>αὖτις,</em></strong></span> <span class='ocrx_word' id='word_1_347' title='bbox 1112 4977 1199 5066; x_wconf 74' lang='grc' dir='ltr'><strong><em>ἐπὴν</em></strong></span> <span class='ocrx_word' id='word_1_348' title='bbox 1219 4977 1256 5047; x_wconf 79' lang='grc' dir='ltr'>εὖ</span> <span class='ocrx_word' id='word_1_349' title='bbox 1277 4988 1350 5059; x_wconf 81' lang='grc' dir='ltr'><strong><em>ταῖς</em></strong></span> <span class='ocrx_word' id='word_1_350' title='bbox 1370 4977 1552 5060; x_wconf 75' lang='grc' dir='ltr'><strong><em>ἐπιτείλας</em></strong></span> 
     </span>
    </p>
   </div>
   <div class='ocr_carea' id='block_1_5' title="bbox 0 0 2356 5808">
    <p class='ocr_par' dir='ltr' id='par_1_12' title="bbox 0 0 2356 5808">
     <span class='ocr_line' id='line_1_40' title="bbox 0 0 2356 5808; baseline 0 4"><span class='ocrx_word' id='word_1_351' title='bbox 0 0 2356 5808; x_wconf 95' lang='lat' dir='ltr'> </span> 
     </span>
    </p>
   </div>
  </div>
 </body>
</html>
