4702 5808
1138 453 1182 534 lt

391 677 429 741 In
450 681 597 741 urentem
619 676 730 740 reniet
750 676 836 740 haee
856 674 1041 758 legentibus
1069 675 1439 740 adversativarum
1465 677 1701 760 particularum
1718 676 1773 759 dt,
1800 671 1909 754 ἀλλά,
1931 671 2034 763 deep,

287 811 376 878 quae
388 793 527 876 perinde
541 809 581 856 ac
594 791 657 876 γάρ
672 793 843 856 vocatives
865 792 1041 874 excipiant.
1084 791 1156 856 Eae
1175 809 1309 876 quoque
1328 796 1460 875 gestum
1480 792 1825 876 aliquemrespiciunt
1866 793 2034 878 Exemplo

289 915 387 974 simtu
410 909 673 992 Agamemnonis
694 925 829 991 preces,
851 907 1016 990 nxv11,
1038 906 1109 976 645.

622 1023 690 1090 lari
711 1022 839 1108 πάτερ,
862 1017 949 1088 ἀλλὰ
974 1021 1017 1091 σὺ
1038 1017 1143 1108 torar
1161 1015 1220 1089 dn?
1242 1017 1338 1107 ἦέρσς
1357 1019 1434 1100 υἷας
1454 1017 1610 1105 Ἀχαιῶν.

248 1177 251 1184 -
287 1143 406 1208 Manus
428 1142 455 1204 is
476 1139 593 1204 attollit
614 1140 764 1223 supplex.
806 1137 908 1223 Atqui
935 1138 1042 1223 isqui
1062 1140 1240 1226 supplicat,
1269 1155 1366 1204 suam
1394 1141 1465 1223 ipse
1489 1139 1609 1204 eodem
1637 1145 1715 1206 actu
1740 1141 1863 1206 latetur
1889 1139 2035 1206 imbecil-

288 1260 424 1324 litatem.
466 1257 556 1338 Fugo
584 1257 611 1318 si
633 1257 746 1320 omnia
766 1255 877 1320 verbis
899 1255 1047 1320 elocutus
1074 1260 1162 1320 esset
1182 1273 1225 1320 ac
1245 1273 1314 1322 non
1342 1260 1472 1339 partem
1501 1257 1699 1338 precationis
1727 1261 1820 1321 muto
1841 1261 1938 1340 gestu
1957 1254 2034 1340 sup

289 1375 460 1458 pluvisset,
491 1373 574 1437 haec
595 1373 665 1435 lere
686 1371 823 1435 dixisset
843 1372 1073 1454 Agamemno:
1101 1371 1170 1437 zeii
1191 1369 1315 1454 πάτερ,
1343 1367 1408 1453 brui
1429 1372 1493 1453 μὲν
1513 1366 1553 1436 cd
1576 1370 1725 1455 δύναμαι
1745 1366 1914 1457 ῥύεσθαι,
1943 1365 2033 1450 citici

289 1489 332 1558 nri
354 1485 466 1573 ῥῦσαι.
487 1489 575 1553 Nam
592 1507 635 1552 ne
648 1487 692 1555 ci
707 1487 840 1571 quidem
861 1489 1005 1570 positum
1028 1488 1069 1551 ab
1093 1493 1163 1551 arte
1185 1489 1404 1570 grammatica
1425 1488 1579 1551 excusari
1599 1487 1729 1570 poterit,
1751 1489 1813 1552 nisi
1833 1503 2034 1571 praegresso

289 1601 354 1688 ἐγώ
378 1605 487 1670 aliove
507 1605 705 1688 pronomine
726 1608 783 1666 aut
802 1603 945 1667 nomine.
987 1601 1132 1686 Quidam
1153 1603 1218 1668 loci
1238 1604 1303 1668 buc
1323 1604 1438 1668 referri
1459 1601 1544 1670 soliti
1566 1620 1633 1666 non
1655 1605 1712 1666 tali
1732 1605 1950 1688 expositione,
1969 1604 2033 1669 sed

288 1722 362 1786 sola
382 1721 595 1786 carnotens
618 1719 765 1802 indigent
786 1721 1007 1801 correctione,
1028 1723 1065 1782 ut
1084 1719 1121 1782 Π.
1143 1719 1199 1801 VI,
1220 1717 1270 1786 86.
1293 1719 1390 1800 XXI,
1411 1718 1483 1785 448.
1527 1717 1594 1782 Sed
1614 1721 1828 1784 aestuationis
1849 1721 1934 1784 haec
1955 1725 2034 1784 sunt

289 1837 453 1920 indaginis
475 1841 509 1900 et
531 1836 585 1900 alii
607 1835 681 1900 loco
701 1835 756 1900 val
777 1835 918 1918 tempori
940 1834 1143 1917 seponenda.

393 1953 487 2018 Haec
508 1953 535 2014 si
554 1950 766 2034 probabiliter
787 1949 1013 2034 exposuimus,
1036 1951 1151 2034 quaeri
1172 1953 1281 2034 potest
1301 1967 1381 2012 num
1403 1951 1487 2014 lorle
1507 1951 1777 2033 interpunctionis
1800 1953 1900 2016 etiam
1921 1969 2033 2018 emen·

291 2067 426 2133 datione
452 2085 552 2131 verus
580 2069 796 2150 plurimorum
822 2067 973 2132 locorum
1001 2067 1184 2132 intellectus
1213 2066 1365 2148 adjuvari
1396 2071 1429 2129 et
1451 2070 1552 2148 queat
1572 2070 1606 2128 et
1626 2067 1756 2131 debeat.
1798 2067 1841 2130 Et
1863 2067 2034 2132 consuevi·

289 2201 364 2246 mus
385 2183 519 2266 quidem
535 2184 684 2266 plerique
705 2183 827 2247 lineola
841 2183 999 2264 indicare,
1023 2203 1098 2248 cum
1112 2201 1326 2266 suppressum
1348 2186 1399 2245 est
1421 2181 1544 2266 aliquid
1559 2186 1594 2244 et
1610 2183 1810 2264 cogitatione
1832 2183 2035 2266 addendum,

289 2301 386 2362 utin
415 2298 674 2382 aposiopesibus.
717 2299 818 2382 Atqui
840 2302 917 2360 sunt
936 2297 983 2361 illi
1003 2303 1115 2380 gestus
1148 2302 1334 2381 nutusque,
1378 2297 1420 2360 de
1453 2299 1572 2380 quibus
1593 2297 1748 2380 dmsand,
1790 2315 1859 2364 non
1896 2297 2033 2382 quidem
2167 2287 2173 2294 ’

289 2409 578 2498 ἀποσιωπήσεις,
601 2419 636 2478 at
657 2420 747 2478 certe
770 2413 964 2498 σιωπήσεις,
993 2414 1055 2477 illis
1077 2415 1272 2478 simillimae.
1310 2414 1361 2477 Ao
1383 2413 1545 2478 tamensi
1566 2415 1638 2497 quis
1655 2413 1797 2478 easdem
1818 2414 1892 2496 pari
1912 2412 2035 2478 lineola

291 2531 425 2612 signare
452 2532 524 2613 ipso
552 2531 709 2594 orationis
735 2531 827 2594 initio
849 2535 1042 2610 conaretur,
1077 2547 1177 2612 quam
1199 2531 1232 2592 id
1253 2530 1403 2612 putidum
1426 2535 1460 2594 et
1478 2529 1652 2594 ridiculum
1673 2530 1771 2594 lereti
1814 2529 1898 2592 Illud
1920 2533 2034 2592 autem

184 2715 190 2736 Ι
291 2645 430 2708 sortasse
443 2663 505 2710 nec
519 2647 695 2710 molestum
707 2651 740 2709 et
752 2643 831 2709 utile
843 2645 950 2727 luerit,
972 2647 1000 2710 si
1020 2647 1163 2710 vocativi
1185 2645 1496 2732 adpraecedentem
1517 2650 1634 2708 nutum
1656 2648 1843 2727 spectantes
1866 2647 1937 2709 sive
1959 2645 2034 2709 eolo

290 2762 361 2824 sive
389 2763 640 2826 exclamationis
662 2764 757 2844 signo
779 2761 834 2824 vel
856 2761 941 2825 adeo
963 2761 1085 2826 lineola
1107 2761 1249 2840 (dumne
1271 2767 1438 2826 commate
1459 2762 1531 2828 solo
1553 2762 1628 2840 liat)
1652 2779 1674 2824 s
1696 2763 1849 2844 sequenti
1869 2761 2036 2826 sententia

291 2875 495 2939 dirimantur.
531 2875 617 2938 Nam
640 2893 708 2938 non
727 2875 817 2954 nihil,
839 2876 907 2940 imo
931 2876 986 2954 (ut
1006 2877 1040 2938 iu
1061 2875 1199 2956 talibus)
1222 2877 1363 2940 multum
1383 2879 1530 2958 interest,
1550 2878 1668 2958 ipsene
1689 2879 1850 2942 sermonis
1872 2877 2034 2962 principio

291 2991 468 3073 appellatio
497 2991 607 3054 locum
636 2995 776 3072 occupet
803 3009 847 3054 an
873 2995 948 3072 post
973 2992 1081 3074 prima
1109 2991 1244 3056 demum
1271 2993 1384 3056 verba.
1427 2992 1512 3056 Illud
1541 3011 1616 3056 cum
1637 2993 1786 3076 pondere
1808 2993 2034 3076 caprarium,

293 3108 355 3171 hoc
368 3108 562 3172 urbanitatis
585 3109 692 3189 gratia
712 3107 887 3172 fierisolet.
921 3103 1134 3188 Quamquam
1155 3106 1239 3171 haec
1261 3109 1439 3174 editoribus
1461 3107 1598 3172 Homeri
1618 3108 1709 3173 cordi
1732 3125 1899 3192 curaeque
1919 3110 2035 3173 suntol
2138 3169 2142 3176 .

581 3541 689 3618 leber
713 3542 897 3638 pertale
921 3543 1049 3640 qnsl
1076 3544 1139 3621 ml
1164 3543 1348 3641 preinde
1375 3543 1502 3640 qual
1528 3543 1583 3620 bel
1610 3541 1738 3618 tieem.

1124 3711 1186 3766 von

866 3849 920 3925 llr.
950 3849 1184 3926 Gattlrlel
1210 3850 1450 3928 llrlcllelr.

394 4027 482 4090 Daca
505 4045 570 4091 von
586 4031 714 4106 perinde
735 4028 802 4092 und
816 4031 950 4108 proinde
969 4030 1023 4094 die
1043 4029 1139 4094 Reda
1159 4032 1217 4112 ist,
1245 4031 1337 4094 kann
1359 4031 1436 4094 dem
1458 4028 1637 4092 auifallend
1658 4027 1869 4108 emeheinen,
1902 4027 1962 4090 der
1981 4025 2036 4090 bei

290 4142 449 4226 Seyffert,
479 4143 581 4208 schol.
603 4143 658 4206 lat.
679 4144 713 4222 1,
734 4165 765 4226 p.
788 4142 865 4224 125,
903 4145 1137 4228 genuerbet,
1171 4147 1248 4209 dass
1276 4166 1339 4209 nur
1355 4149 1489 4226 proinde
1508 4150 1597 4223 qnasi
1624 4144 1678 4207 die
1699 4142 1837 4226 richtige
1857 4143 1957 4208 Form
1984 4143 2034 4208 ist

290 4259 402 4324 Allein
424 4259 567 4342 Seyffert
587 4258 677 4340 giebt-
696 4258 821 4324 kainon
844 4261 959 4327 Grund
981 4281 1025 4326 an
1046 4263 1117 4326 und
1135 4264 1272 4345 Zumpt,
1304 4263 1363 4326 der
1384 4263 1468 4326 cilirt
1488 4263 1546 4342 ist,
1567 4265 1645 4342 aagt
1663 4279 1706 4322 nu
1728 4260 1876 4340 verul,
1898 4257 1955 4340 38,
1977 4257 2035 4326 98;
2148 4289 2154 4300 ·

288 4376 367 4438 liiii
394 4381 423 4438 ei
456 4379 530 4454 quid
557 4379 750 4440 murmanus
784 4387 828 4438 ecl
859 4382 889 4440 in
918 4397 954 4440 en
979 4357 1238 4458 re‘perinde’
1266 4382 1383 4442 ridetur
1415 4396 1479 4441 esse
1500 4382 1638 4458 puriter,
1668 4378 1864 4456 ‘proinde’
1891 4379 2035 4460 similiter,

292 4495 388 4556 Genu.
415 4496 588 4571 perinde
622 4491 764 4575 ‘gleioh‚
793 4493 864 4573 so',
893 4499 1063 4572 proinde
1095 4495 1450 4576 ‘rothalmissmassiffi
1486 4494 1730 4577 domgemiiss',
1763 4503 1796 4556 nt
1828 4497 1929 4555 malim
1959 4510 2037 4554 sune

288 4607 474 4686 ‘proinde
492 4611 621 4688 qnoei²
645 4619 674 4672 et
695 4608 881 4688 ‘proinde
902 4611 958 4674 nc'
978 4617 1080 4686 ambi,
1101 4615 1166 4674 nbi
1187 4615 1226 4676 de
1245 4613 1456 4694 sirnilr'tndinis,
1477 4619 1510 4674 nl
1531 4615 1572 4674 itu
1594 4613 1705 4688 dicam,
1727 4612 1824 4672 obnen
1847 4613 1877 4670 in
1899 4625 1934 4670 re
1950 4611 2036 4684 solen

288 4729 453 4787 semodi.
496 4724 577 4790 Also
608 4727 650 4790 ist
681 4729 848 4806 perinde
882 4727 1399 4814 nichtausgeschlossen.
1447 4726 1561 4806 Reisig
1595 4725 1718 4808 spricht
1751 4727 1784 4788 in
1811 4726 1928 4788 seinen
1953 4724 2037 4788 Vor-

288 4839 449 4922 leeungen
470 4861 502 4924 p.
523 4839 585 4908 427
613 4842 664 4904 nn
679 4845 813 4922 proinde
833 4846 939 4922 qnasi,
977 4842 1052 4907 dem
1079 4862 1116 4908 er
1144 4843 1199 4908 die
1220 4843 1416 4924 Bedeutung
1445 4843 1537 4906 einer
1558 4840 1748 4922 Folganmg
1776 4841 1914 4924 beilegt‚
1943 4837 2037 4906 sinet

289 4957 500 5022 absurden
534 4959 772 5041 Folgerung
805 4960 841 5022 in
873 4957 951 5022 dem
982 4957 1098 5022 Sinna:
1138 4959 1373 5041 gleichsam
1404 4957 1467 5020 als
1495 4973 1620 5020 wenn.
1665 4956 1711 5019 Er
1737 4957 1819 5020 least
1846 4957 2036 5022 aberauch

284 5077 413 5152 perinde
438 5079 528 5154 qnasi
553 5093 594 5138 nu
621 5073 764 5139 balcio.
787 5073 917 5157 Qumct.
940 5093 966 5141 o.
989 5073 1031 5142 26
1058 5074 1126 5138 und
1149 5075 1275 5139 ebenso
1299 5093 1326 5138 c.
1351 5073 1407 5154 14,
1444 5089 1497 5136 wo
1519 5073 1553 5135 in
1575 5073 1634 5137 der
1654 5072 1812 5156 Ausgabe
1837 5073 1896 5137 der
1916 5073 2035 5138 Rcdan
