4702 5808
1171 461 1221 543 to

656 687 714 750 sal
733 681 889 766 χαλιπόν
910 703 974 764 περ
996 676 1100 751 stne
1123 681 1304 766 δεχόμεθα
1326 679 1636 768 pisca-’tamon

659 797 869 882 Τηλεμάχου·
889 797 984 879 μάλα
1006 792 1037 864 ‹l’
1059 793 1139 882 ἧμιν
1159 793 1351 883 similione
1370 795 1536 884 sirapcslst·

657 909 696 980 οὗ
718 912 781 999 γὰρ
802 913 888 990 Ζιύς
908 912 1007 981 sitne
1028 919 1190 996 Κρονίων·
1210 916 1256 1002 τῷ
1277 918 1314 980 κέ
1333 941 1392 998 μιν
1413 913 1476 1001 ἤδη

656 1029 840 1111 παύσαμεν
858 1023 900 1096 ἓν
919 1027 1116 1113 μεγάροισι,
1138 1029 1233 1113 λιγύν
1253 1054 1317 1114 περ
1339 1026 1426 1099 ἐόντ’
1447 1026 1623 1116 ἀγορητήν.

319 1165 515 1234 quanquam
546 1147 590 1210 ad
616 1148 677 1211 hos
701 1163 972 1230 quoqueversus
1002 1145 1139 1212 adnotat
1164 1147 1316 1213 Bothius:
1359 1149 1604 1231 „dementiam
1631 1167 1721 1234 quae
1749 1169 1886 1216 causam
1909 1155 2065 1236 continet,

320 1265 453 1350 ,priore
473 1265 548 1328 loco
569 1265 688 1346 posuit,
706 1261 1049 1328 moreGraecorurn.“
1090 1261 1163 1328 Nee
1185 1267 1272 1330 retro
1295 1269 1329 1328 ιι
1349 1265 1392 1328 ad
1413 1263 1511 1332 ιιιισι
1532 1270 1661 1347 spectat
1679 1268 1763 1350 γάρ,
1785 1287 1849 1332 ιιι
1867 1269 1902 1332 in
1923 1271 2065 1334 frontem

320 1379 365 1442 ad
386 1383 516 1460 gestum
537 1379 658 1462 ullum,
687 1378 747 1442 sed
768 1397 841 1441 cur
862 1376 996 1441 adhuc
1017 1379 1236 1442 minitetur
1257 1379 1496 1462 Telemachus,
1529 1381 1563 1444 id
1584 1383 1806 1464 demonstrem
1833 1377 1873 1448 mi
1894 1381 1958 1466 reip
1979 1384 2066 1462 Zeis

318 1493 439 1561 εἴασεν
460 1489 548 1578 ἡμᾶς
567 1495 702 1561 παῦσαι
723 1491 784 1558 τὸν
805 1487 1023 1576 dantesque.
1072 1493 1105 1558 Is
1126 1495 1216 1560 onim
1235 1495 1431 1574 infinitivus,
1463 1497 1615 1581 παῦσαι,
1653 1498 1891 1581 brachylogiae
1917 1502 1994 1583 jure
2022 1519 2067 1564 ex

320 1611 473 1693 sequenti
500 1608 685 1691 παύσαμεν
710 1609 923 1672 asciscendus
952 1613 1012 1672 ιιι.
1055 1609 1124 1674 Sed
1146 1611 1236 1692 quod
1264 1612 1413 1694 sequitur
1432 1613 1477 1700 τῷ
1489 1661 1498 1694 ,
1522 1623 1707 1696 propterca,
1741 1632 1808 1678 non
1836 1617 2064 1698 proximorum

322 1728 379 1805 (ut
400 1743 488 1809 quac
507 1725 746 1809 parentlreseos
767 1725 841 1788 loco
862 1725 1067 1805 habeantur)
1090 1729 1439 1809 consequentiam
1458 1728 1597 1813 indicat,
1635 1731 1695 1796 sed
1713 1731 1864 1813 ejusdam
1885 1733 1970 1796 illius
1992 1751 2065 1796 sen-

319 1844 460 1924 tentiae,
497 1845 589 1925 quus
619 1859 787 1905 causam
808 1841 951 1934 ¹reddunt
970 1843 1134 1924 proxima.
1176 1843 1220 1906 Et
1244 1859 1322 1912 raro
1350 1861 1433 1908 sane
1453 1846 1505 1927 fit,
1533 1851 1570 1908 ιιι
1598 1849 1654 1911 uni
1683 1848 1859 1932 eidemque
1880 1849 2066 1914 sententias

321 1977 455 2022 causa
477 1959 634 2040 deinceps
656 1962 690 2020 et
711 1959 1014 2039 consequentia
1034 1959 1241 2040 adjungatur.
1274 1959 1378 2024 Paulo
1400 1960 1506 2024 levius
1526 1963 1723 2046 interpretes
1739 1963 1886 2052 illudcq'r',
1909 1965 2063 2029 incuriosi

321 2075 475 2138 videlicet
497 2074 539 2138 de
562 2073 710 2137 tantillae
731 2074 872 2136 vocrdae
886 2074 1088 2156 significatu,
1115 2079 1284 2140 verterunt
1300 2081 1435 2152 aloquin
1457 2083 1491 2142 et
1511 2084 1640 2143 sonst.

427 2192 520 2254 Facit
542 2191 748 2274 aliquantum
777 2189 820 2252 ed
841 2191 1165 2270 argumentationem
1186 2195 1333 2255 nostram
1355 2193 1455 2255 etiam
1478 2197 1593 2257 uotum
1615 2194 1696 2258 illud
1717 2211 1761 2258 cx
1781 2193 1937 2276 Odyssea
1957 2195 2064 2278 XVII,

320 2307 372 2376 57.
393 2306 486 2388 XIX,
507 2304 558 2372 29.
587 2304 686 2388 XXI,
707 2303 778 2370 888.
800 2305 914 2386 ΧΧΠ,
936 2302 1008 2372 388.
1621 2297 1626 2304 ’

656 2415 700 2496 ὣς
721 2415 773 2504 ἄρ’
797 2415 983 2503 ἐφώνησεν·
1004 2421 1045 2509 τῇ
1068 2414 1099 2484 d‘
1121 2416 1445 2505 dorsecestriae
1466 2429 1588 2505 μῦθος.

319 2541 385 2603 hoc
406 2544 472 2601 cst:
507 2539 654 2615 Penelope
690 2537 762 2614 [vel
783 2539 955 2615 Euryclea)
991 2539 1097 2600 cadilo
1116 2541 1174 2613 filii
1207 2539 1279 2616 (vel
1298 2541 1383 2619 teri)
1405 2545 1550 2604 mundam
1571 2546 1692 2605 tacito
1713 2551 1806 2606 nula
1826 2544 1997 2626 respondit,
2030 2557 2064 2604 ιι
2107 2518 2111 2524 ’

319 2655 591 2734 &mouturam
611 2671 682 2716 esre.
724 2652 813 2716 Nam
834 2653 941 2716 omnis
962 2652 1140 2716 voluntatis
1163 2654 1355 2736 significatio
1377 2659 1435 2718 aut
1455 2649 1567 2722 ἐπέων
1588 2659 1798 2740 πιιριένιων
1818 2675 1885 2739 ope
1906 2662 1939 2720 ιι
1959 2673 2064 2739 opera

317 2772 371 2852 lit,
409 2771 457 2836 ita
484 2775 521 2834 ut
546 2787 663 2852 sensa,
698 2767 878 2832 verborum
911 2769 1119 2866 inspeciem
1155 2774 1301 2846 mutata,
1337 2773 1542 2834 transvolent
1573 2777 1734 2853 tanquam
1770 2772 1875 2834 nuntii
1908 2771 1987 2834 alati
2020 2789 2064 2833 ex

200 2947 215 2974 ⁸
319 2903 380 2951 ore
406 2885 571 2968 loquentis
596 2884 640 2947 ed
661 2901 758 2946 aures
782 2883 961 2962 audientis3
998 2887 1055 2945 aut
1073 2876 1228 2965 ἄπειρος
1250 2887 1307 2947 xci
1329 2877 1412 2949 ἄνιο
1432 2880 1564 2962 ἐπέων,
1597 2887 1645 2948 ita
1669 2891 1708 2946 ut
1737 2885 1875 2948 audiens
1903 2885 1970 2962 suis
1991 2885 2064 2966 ipse

273 2999 275 3004 ’
319 3001 425 3067 oculis
454 3001 540 3065 ultro
571 3017 741 3064 arcessere
776 2999 884 3062 adse
912 2997 1077 3082 loquentis
1099 3017 1199 3062 sensa
1230 3015 1339 3082 eaque
1360 3018 1536 3084 capessere
1558 3001 1680 3066 debeat
1701 3001 1891 3084 spectando.
1936 3001 1976 3064 ln
1998 3000 2065 3062 alia

321 3119 437 3183 omnia
457 3118 598 3180 munstre
618 3116 776 3199 plurimos
798 3115 1089 3197 hujuslocutionis
1111 3116 1324 3200 interpretas,
1345 3117 1433 3182 hano
1454 3123 1524 3182 tam
1542 3118 1727 3200 sinrpliccm
1747 3121 1781 3181 et
1802 3122 1953 3199 apertam
1973 3117 2063 3179 viam

190 3257 199 3275 1
319 3237 527 3318 aspernatos,
549 3253 593 3298 ex
615 3232 781 3314 glossariis
804 3235 838 3294 ιι
860 3232 1105 3296 commentariis
1127 3249 1330 3314 cognoscere
1350 3233 1437 3297 licet.
1479 3234 1530 3296 Ac
1550 3251 1593 3296 nc
1614 3234 1637 3295 ii
1658 3232 1792 3316 quidem
1813 3250 1886 3296 rem
1907 3251 1971 3295 acu
1994 3233 2062 3295 teti-

318 3355 453 3434 genmt,
492 3351 548 3433 qui
567 3353 714 3412 ¹silentium
734 3348 842 3412 solum
865 3347 1027 3410 audientis
1056 3349 1103 3410 sic
1123 3348 1262 3412 indicari
1281 3353 1416 3431 putant,
1450 3349 1582 3414 tacite
1611 3350 1699 3414 enim
1729 3348 1890 3412 mandata
1910 3348 2063 3430 accipere

320 3468 429 3534 sotem
447 3467 627 3550 frementes
649 3465 702 3528 vel
717 3467 889 3547 paventes,
911 3482 977 3528 non
999 3463 1139 3527 libenter
1160 3469 1193 3528 et
1212 3463 1376 3529 benevole
1398 3465 1593 3528 obsecuturi.
1625 3466 1714 3547 Ergo
1735 3460 1823 3532 tusa
1845 3465 1902 3528 illa
1921 3465 2061 3548 logico

318 3585 427 3666 potius
464 3601 566 3665 quam
600 3575 770 3664 poetico
802 3581 948 3662 epitheto
974 3578 1159 3662 πτερόεντα
1188 3580 1354 3664 dicuntur,
1386 3583 1544 3665 quoniam
1566 3583 1667 3646 etiam
1688 3597 1814 3644 sensa
1836 3585 1913 3644 sunt
1933 3581 2061 3664 species

316 3693 637 3782 quaedamns'ns'mm
669 3697 731 3760 sed
759 3691 906 3778 ἄπτερος-
934 3699 968 3759 ιι
993 3700 1101 3777 muta3
1136 3713 1205 3760 non
1224 3702 1363 3778 possunt
1384 3698 1536 3762 videlicet
1556 3697 1715 3762 mortales
1735 3715 1781 3760 ne
1801 3696 1890 3780 apud
1911 3698 2060 3759 animum

318 3815 454 3900 quidem
472 3816 618 3902 cogitare
640 3814 820 3897 quidquam
841 3813 896 3876 vel
916 3812 1058 3892 fingere,
1080 3812 1142 3875 nisi
1163 3813 1341 3878 verborum
1363 3819 1397 3878 ιι
1416 3815 1505 3878 taciti
1527 3815 1688 3879 sermonis
1708 3831 1790 3896 ope,
1813 3811 1898 3876 adeo
1914 3815 1993 3894 apta
2011 3815 2062 3876 est

318 3933 437 3996 mutis
457 3931 507 3992 vis
528 3949 574 3994 ax
593 3930 729 4013 loquela
749 3935 784 3994 et
803 3929 927 4011 lingua.

422 4047 466 4110 Hi
497 4047 566 4110 iere
592 4045 761 4109 Homerici
790 4049 866 4107 sunt
892 4045 972 4124 loci,
1007 4043 1041 4104 in
1070 4043 1187 4124 quibus
1214 4043 1277 4126 γάρ
1305 4045 1417 4129 aliqua
1446 4046 1667 4128 explicatione
1693 4051 1781 4126 eget.
1830 4041 1958 4125 Quodsi
1984 4047 2061 4124 post

318 4164 457 4228 Homeri
479 4167 626 4227 aetatem
648 4162 702 4224 alii
722 4162 932 4224 invenientur
952 4160 1119 4223 diversam
1140 4160 1183 4224 ab
1204 4159 1266 4223 illis
1288 4162 1476 4244 explicandi
1495 4163 1660 4226 rationem
1681 4161 1871 4242 exigentes,
1900 4165 1938 4222 ut
1956 4159 2061 4224 Hero-

319 4280 385 4344 dot.
408 4281 439 4360 I,
460 4278 491 4344 8.
519 4279 626 4362 Γύγη,
659 4271 699 4344 οὗ
727 4275 789 4358 γάρ
813 4299 853 4342 σι
874 4276 979 4342 δοκέω
1001 4279 1199 4341 necessust
1218 4299 1276 4357 μοι
1297 4301 1325 4341 κ.
1347 4301 1376 4340 τ.
1399 4277 1446 4358 t,
1478 4296 1568 4360 quae
1589 4279 1660 4343 sinc
1681 4276 1749 4340 ullo
1771 4291 1854 4338 sane
1878 4280 1975 4358 gestu
1996 4276 2060 4339 dici

308 4391 486 4479 poteraut,
514 4396 707 4477 neutiquam
734 4392 896 4475 ejusmodi
924 4392 1086 4476 exemplis
1108 4393 1317 4456 subvertetur
1337 4392 1514 4476 disputatio
1535 4399 1666 4475 nostra3
1701 4411 1781 4456 nam
1816 4391 1922 4455 multa
1949 4409 2058 4455 sermo

316 4511 580 4596 posthomcricus
601 4511 737 4574 novavit
757 4513 791 4574 et
808 4527 909 4574 ausus
930 4513 998 4590 est,
1026 4507 1241 4572 desciscendo
1268 4526 1336 4574 non
1363 4509 1438 4573 dico
1460 4527 1482 4572 a
1502 4513 1622 4572 ιιιιιιιι
1639 4509 1702 4575 sed
1724 4513 1836 4572 tamen
1858 4509 1900 4572 ab
1923 4509 2060 4590 antiqua

317 4629 543 4712 simplicitate,
571 4627 776 4710 reperitque,
813 4629 849 4688 ut
869 4627 934 4690 hoc
954 4630 1045 4709 utar,
1075 4625 1318 4708 copulationem
1339 4643 1460 4688 vocum
1482 4619 1571 4689 ἆιιά
1591 4623 1677 4708 γάρ,
1710 4625 1825 4707 priscis
1846 4626 1947 4707 opicis
1969 4640 2059 4706 pror-

317 4763 373 4808 sus
399 4743 598 4824 inauditam,
631 4742 865 4825 posterioribus
887 4743 1144 4805 usitatissimam.
1187 4741 1229 4803 Ει
1250 4741 1382 4823 crebro,
1416 4743 1473 4824 qui
1506 4743 1541 4803 in
1562 4739 1794 4824 respondendo
1826 4742 2058 4823 assenduntrn,

316 4859 382 4943 γάρ
402 4860 547 4937 addtmt,
580 4864 639 4923 ναι
659 4877 772 4938 suum,
805 4857 848 4921 ed
871 4857 960 4941 quod
982 4857 1046 4941 γάρ
1067 4859 1223 4938 relertm,
1256 4857 1380 4940 fronte,
1413 4875 1483 4920 non
1504 4875 1563 4920 ors
1583 4857 1817 4940 significantes.
1853 4858 1904 4923 Ac
1926 4859 2058 4922 tonuito

317 4981 446 5040 tantum
469 4994 549 5038 casu
571 4976 691 5056 evenit,
714 4979 751 5036 ut
767 4975 959 5056 exemplum
981 4975 1054 5037 talis
1076 4974 1300 5057 responsionis
1322 4973 1410 5056 apud
1420 4973 1604 5038 Homerrmr
1627 4979 1737 5039 exstet
1755 4974 1892 5038 nullum.
